1999 3369
525 141 555 186 12

138 275 321 336 perspiciamus,
346 274 425 320 adhuc
451 288 545 333 semper
572 274 720 334 prohibitum
752 277 787 321 est
813 275 937 335 sententia,

138 384 187 430 qua
204 371 313 416 sentiunt
330 369 422 415 auxilio
448 370 651 430 interpunctionis
675 370 776 416 traditae
803 369 936 432 (vocalibus

137 468 162 510 et
180 464 296 524 acceptis)
314 467 417 510 metrum]
437 464 559 525 quoddam
575 464 750 511 inveniendum
773 479 841 524 esse3
860 466 936 511 omni-

138 558 185 605 bus
204 560 323 606 eiusmodi
341 560 511 620 experimentis
527 560 716 605 demonstratum
734 563 777 616 est,
791 562 935 607 senteutiam

137 654 204 700 illam
221 656 313 701 irritam
331 658 354 701 et
372 669 455 701 omnes
472 656 498 700 in
516 656 557 701 illa
574 654 687 701 fundatas
704 655 848 717 hypotheses
859 671 935 702 uanas

138 764 197 796 csse.
216 749 251 796 ha
265 751 317 812 ipsa
335 751 361 796 in
381 765 407 797 re
425 750 572 811 praestantia
593 765 674 797 earum
687 752 764 812 posita
777 755 819 807 est,
834 751 876 797 sed
890 751 935 797 hac

136 859 163 891 re
181 846 253 902 etiam
272 846 423 893 damnantur.
462 845 519 893 Pari
544 846 615 891 modo
642 846 778 893 damnabile
805 850 841 893 est
858 846 935 894 Reve-

136 941 206 986 reudi
224 940 247 986 Ο.
266 940 285 987 Ι.
303 941 356 987 Ball
375 942 567 1002 experimentum
579 942 627 1001 ,the
644 942 752 989 metrical
771 945 892 989 structure
911 942 936 988 ol

137 1035 233 1090 ornatu<
251 1038 400 1098 propositum
421 1038 447 1082 in
465 1037 622 1098 proceedings
641 1037 667 1082 of
683 1037 721 1083 the
733 1040 829 1097 society
840 1037 866 1083 ol
881 1036 933 1082 bih-

135 1130 191 1175 lical
208 1131 371 1193 archaeology,
390 1133 436 1180 vol.
455 1131 500 1192 IX,
517 1148 539 1193 p.
561 1132 604 1178 131
624 1146 654 1178 ss.

216 1227 308 1275 Versus
325 1230 503 1276 iamentationis
525 1228 559 1293 (et
577 1230 675 1275 omnino
693 1243 778 1276 versus
795 1223 933 1292 hebraicus)

135 1338 185 1369 nou
203 1338 234 1370 ex
252 1328 328 1370 metro
346 1324 452 1385 syllabas
478 1328 621 1371 numerante
648 1324 808 1385 cognoscitur,
834 1324 876 1370 sed
892 1308 933 1370 ca

134 1421 252 1466 sententia
270 1419 350 1466 verbis
367 1420 503 1479 rhythmice
522 1421 670 1466 accentuatis
689 1421 806 1481 exposita.

214 1515 250 1563 De
268 1517 349 1564 Wettc
368 1516 470 1575 (Corum.
489 1517 529 1565 ub.
548 1517 570 1565 d.
589 1514 701 1579 Psalmfl)
720 1517 813 1578 primus
831 1515 932 1562 formam

133 1612 295 1671 rhythmicam
313 1613 490 1672 animadvertit,
512 1612 585 1672 idque
606 1613 734 1674 praecipue
751 1613 777 1659 in
791 1613 931 1658 threnorum

132 1707 202 1755 libro,
237 1708 265 1754 In
285 1707 404 1769 capitibus
423 1707 435 1753 l
453 1710 475 1754 et
492 1707 524 1768 H,
543 1711 568 1753 ut
585 1708 645 1769 ipsis
663 1708 715 1754 eius
733 1707 813 1754 verbis
827 1710 933 1767 utamur,

134 1802 249 1849 bestehen
269 1802 334 1850 diese
353 1802 428 1849 Verso
446 1817 489 1849 aus
509 1803 559 1849 drei
587 1803 717 1864 paralleleu
737 1802 857 1863 Gliedem,
883 1816 931 1848 wo-

82 1961 84 1966 !
132 1912 181 1944 ron
196 1898 265 1958 yedes
293 1900 346 1944 eine
365 1897 441 1944 Casur
468 1897 521 1944 dem
543 1897 618 1944 Siune
645 1898 696 1944 und
721 1898 775 1944 dem
801 1897 931 1944 Gedanheu

131 1994 194 2039 uach
219 1994 266 2039 hat.
309 1993 409 2040 Hicrbei
436 1981 503 2039 muss
529 2008 587 2039 man
613 1992 737 2039 biswcilcn
763 1992 801 2039 dic
823 1993 930 2039 Acccnte

131 2089 264 2148 vcrlasscn3
284 2088 313 2135 de
331 2090 408 2150 capite
425 2089 464 2134 ΠΙ
482 2089 550 2135 dicit:
571 2088 616 2149 „Es
634 2089 675 2135 hat
699 2103 746 2134 nur
772 2088 929 2149 eingliedrige
952 2072 954 2076 ⁷

131 2182 220 2242 Verse3
240 2184 312 2229 allein
330 2184 372 2230 das
391 2185 444 2231 eine
463 2183 533 2230 Glied
547 2185 578 2230 ist
596 2185 656 2230 doch
674 2198 700 2230 so
721 2183 870 2244 rhythmisch
888 2197 929 2244 ge-

130 2281 218 2338 treunt,
236 2279 299 2338 dass,
316 2294 353 2325 uo
370 2280 439 2326 nicht
456 2281 497 2327 ein
514 2294 604 2342 ganaer
629 2279 807 2338 rhythmischer
823 2278 929 2325 Paralle-

129 2374 221 2435 lisurus,
240 2374 301 2421 doch
319 2376 358 2421 ein
375 2375 533 2437 Naohsohlag,
561 2375 602 2421 der
628 2390 673 2421 zur
690 2373 761 2421 Ruhe
785 2374 858 2434 fuhrt,
876 2377 927 2420 cnt-

129 2471 199 2518 steht,
233 2469 271 2517 De
289 2471 368 2518 Wette
386 2486 435 2517 non
453 2472 557 2518 multum
570 2471 657 2529 aberat,
670 2472 698 2516 ut
707 2472 815 2531 nostrum
829 2484 927 2517 versum

127 2570 192 2612 recte
211 2567 350 2628 explicaret3
376 2567 418 2614 sed
445 2581 500 2613 cum
524 2567 550 2612 iu
573 2568 668 2627 postero
696 2565 767 2611 dicit:
792 2566 831 2626 „in
848 2565 893 2624 Ill,
913 2566 926 2611 3

126 2660 203 2707 reicht
229 2657 352 2725 ΠῬΠἭ
380 2662 448 2708 nicht
473 2677 519 2708 aur
544 2661 651 2723 Bildung
682 2661 722 2708 des
748 2660 926 2721 Nachschlages

127 2756 190 2816 aus‚“
217 2757 340 2817 perlucide
367 2759 523 2819 demonstrat,
551 2772 624 2819 quam
653 2758 746 2804 incerta
773 2771 817 2813 sua
842 2770 930 2805 versus*

127 2853 232 2913 cognitio
250 2853 331 2901 fuerit.

204 2950 433 3014 Ewaldium‚rirum
442 2953 716 3014 doctissimumfortuna
726 2969 739 3000 a
749 2956 814 2999 recta
823 2956 847 3000 et
853 2953 926 3015 plana
