<?xml version="1.0" encoding="UTF-8"?>
<!DOCTYPE html PUBLIC "-//W3C//DTD XHTML 1.0 Transitional//EN"
    "http://www.w3.org/TR/xhtml1/DTD/xhtml1-transitional.dtd">
<html xmlns="http://www.w3.org/1999/xhtml" xml:lang="en" lang="en">
 <head>
  <title>
</title>
<meta http-equiv="Content-Type" content="text/html;charset=utf-8" />
  <meta name='ocr-system' content='tesseract 3.04.00' />
  <meta name='ocr-capabilities' content='ocr_page ocr_carea ocr_par ocr_line ocrx_word'/>
</head>
<body>
  <div class='ocr_page' id='page_1' title='image "./MN41902ucmf_0_0049.png"; bbox 0 0 1999 3369; ppageno 0'>
   <div class='ocr_carea' id='block_1_1' title="bbox 27 133 916 1000">
    <p class='ocr_par' dir='ltr' id='par_1_1' title="bbox 441 133 556 185">
     <span class='ocr_line' id='line_1_1' title="bbox 441 133 556 185; baseline -0.009 0"><span class='ocrx_word' id='word_1_1' title='bbox 441 133 443 136; x_wconf 59' lang='grc'>’</span> <span class='ocrx_word' id='word_1_2' title='bbox 471 140 501 185; x_wconf 75' lang='grc'>27</span> <span class='ocrx_word' id='word_1_3' title='bbox 553 141 556 146; x_wconf 87' lang='grc'>’</span> 
     </span>
    </p>

    <p class='ocr_par' dir='ltr' id='par_1_2' title="bbox 27 270 916 1000">
     <span class='ocr_line' id='line_1_2' title="bbox 88 270 916 332; baseline 0 -17"><span class='ocrx_word' id='word_1_4' title='bbox 88 271 182 329; x_wconf 85' lang='lat' dir='ltr'>solyma</span> <span class='ocrx_word' id='word_1_5' title='bbox 208 274 290 317; x_wconf 90' lang='lat' dir='ltr'>contra</span> <span class='ocrx_word' id='word_1_6' title='bbox 308 272 417 317; x_wconf 89' lang='lat' dir='ltr'>omnium</span> <span class='ocrx_word' id='word_1_7' title='bbox 444 272 580 331; x_wconf 75' lang='lat' dir='ltr'>opinionem</span> <span class='ocrx_word' id='word_1_8' title='bbox 600 274 668 332; x_wconf 89' lang='lat' dir='ltr'>capta</span> <span class='ocrx_word' id='word_1_9' title='bbox 697 275 760 315; x_wconf 83' lang='lat' dir='ltr'>sunt.</span> <span class='ocrx_word' id='word_1_10' title='bbox 787 270 814 314; x_wconf 90' lang='lat' dir='ltr'>in</span> <span class='ocrx_word' id='word_1_11' title='bbox 832 284 885 315; x_wconf 80' lang='lat' dir='ltr'>ver·</span> <span class='ocrx_word' id='word_1_12' title='bbox 914 319 916 322; x_wconf 14' lang='grc' dir='ltr'><em>Α</em></span> 
     </span>
     <span class='ocr_line' id='line_1_3' title="bbox 31 364 883 433; baseline 0.001 -22"><span class='ocrx_word' id='word_1_13' title='bbox 31 430 32 433; x_wconf 8' lang='lat'>¹</span> <span class='ocrx_word' id='word_1_14' title='bbox 89 364 156 412; x_wconf 87' lang='lat' dir='ltr'>sibus</span> <span class='ocrx_word' id='word_1_15' title='bbox 185 365 282 412; x_wconf 81' lang='lat'>13--20</span> <span class='ocrx_word' id='word_1_16' title='bbox 310 379 396 412; x_wconf 85' lang='lat' dir='ltr'>causae</span> <span class='ocrx_word' id='word_1_17' title='bbox 420 365 495 412; x_wconf 89' lang='lat' dir='ltr'>huius</span> <span class='ocrx_word' id='word_1_18' title='bbox 525 364 667 411; x_wconf 75' lang='lat' dir='ltr'>calamitatis</span> <span class='ocrx_word' id='word_1_19' title='bbox 698 368 883 412; x_wconf 74' lang='lat' dir='ltr'>enumerantur:</span> 
     </span>
     <span class='ocr_line' id='line_1_4' title="bbox 86 461 882 523; baseline 0 -17"><span class='ocrx_word' id='word_1_20' title='bbox 86 477 108 508; x_wconf 85' lang='lat' dir='ltr'>v.</span> <span class='ocrx_word' id='word_1_21' title='bbox 139 463 169 508; x_wconf 81' lang='lat'>13</span> <span class='ocrx_word' id='word_1_22' title='bbox 198 465 295 523; x_wconf 84' lang='lat' dir='ltr'>peccata</span> <span class='ocrx_word' id='word_1_23' title='bbox 321 461 472 509; x_wconf 89' lang='lat' dir='ltr'>sacerdotum</span> <span class='ocrx_word' id='word_1_24' title='bbox 499 464 522 508; x_wconf 85' lang='lat' dir='ltr'>et</span> <span class='ocrx_word' id='word_1_25' title='bbox 544 462 715 523; x_wconf 86' lang='lat' dir='ltr'>prophetarum</span> <span class='ocrx_word' id='word_1_26' title='bbox 736 475 758 509; x_wconf 82' lang='lat' dir='ltr'>v.</span> <span class='ocrx_word' id='word_1_27' title='bbox 786 461 882 507; x_wconf 73' lang='lat' dir='ltr'>la-io</span> 
     </span>
     <span class='ocr_line' id='line_1_5' title="bbox 35 536 883 623; baseline 0.004 -23"><span class='ocrx_word' id='word_1_28' title='bbox 35 536 37 539; x_wconf 16' lang='lat' dir='ltr'>V</span> <span class='ocrx_word' id='word_1_29' title='bbox 87 569 165 615; x_wconf 89' lang='lat' dir='ltr'>poena</span> <span class='ocrx_word' id='word_1_30' title='bbox 177 570 268 623; x_wconf 86' lang='lat' dir='ltr'>eorum.</span> <span class='ocrx_word' id='word_1_31' title='bbox 287 574 310 603; x_wconf 88' lang='lat' dir='ltr'>v.</span> <span class='ocrx_word' id='word_1_32' title='bbox 324 558 354 602; x_wconf 83' lang='grc'>17</span> <span class='ocrx_word' id='word_1_33' title='bbox 367 563 464 618; x_wconf 86' lang='lat' dir='ltr'>peccata</span> <span class='ocrx_word' id='word_1_34' title='bbox 476 559 565 619; x_wconf 81' lang='lat' dir='ltr'>populi,</span> <span class='ocrx_word' id='word_1_35' title='bbox 578 572 599 603; x_wconf 89' lang='lat' dir='ltr'>v.</span> <span class='ocrx_word' id='word_1_36' title='bbox 615 557 711 603; x_wconf 77' lang='lat'>18—20</span> <span class='ocrx_word' id='word_1_37' title='bbox 729 570 806 617; x_wconf 88' lang='lat' dir='ltr'>poena</span> <span class='ocrx_word' id='word_1_38' title='bbox 824 557 883 604; x_wconf 79' lang='lat' dir='ltr'>eius,</span> 
     </span>
     <span class='ocr_line' id='line_1_6' title="bbox 86 649 883 712; baseline 0.003 -18"><span class='ocrx_word' id='word_1_39' title='bbox 86 649 116 694; x_wconf 87' lang='lat' dir='ltr'>ln</span> <span class='ocrx_word' id='word_1_40' title='bbox 136 652 205 696; x_wconf 89' lang='lat' dir='ltr'>tertia</span> <span class='ocrx_word' id='word_1_41' title='bbox 222 655 297 712; x_wconf 79' lang='lat' dir='ltr'>parte,</span> <span class='ocrx_word' id='word_1_42' title='bbox 314 652 341 696; x_wconf 92' lang='lat' dir='ltr'>in</span> <span class='ocrx_word' id='word_1_43' title='bbox 358 652 470 697; x_wconf 85' lang='lat' dir='ltr'>versibus</span> <span class='ocrx_word' id='word_1_44' title='bbox 489 652 518 696; x_wconf 71' lang='lat'>21</span> <span class='ocrx_word' id='word_1_45' title='bbox 538 655 561 697; x_wconf 89' lang='lat' dir='ltr'>et</span> <span class='ocrx_word' id='word_1_46' title='bbox 579 650 610 696; x_wconf 78' lang='grc'>22</span> <span class='ocrx_word' id='word_1_47' title='bbox 637 654 708 711; x_wconf 79' lang='lat' dir='ltr'>poeta</span> <span class='ocrx_word' id='word_1_48' title='bbox 732 654 883 711; x_wconf 87' lang='lat' dir='ltr'>praesentem</span> 
     </span>
     <span class='ocr_line' id='line_1_7' title="bbox 87 742 882 807; baseline 0 -18"><span class='ocrx_word' id='word_1_49' title='bbox 87 742 334 806; x_wconf 78' lang='lat' dir='ltr'>Hierosolymitoruni</span> <span class='ocrx_word' id='word_1_50' title='bbox 352 760 453 807; x_wconf 90' lang='lat' dir='ltr'>poenam</span> <span class='ocrx_word' id='word_1_51' title='bbox 471 746 577 792; x_wconf 82' lang='lat' dir='ltr'>vindicat</span> <span class='ocrx_word' id='word_1_52' title='bbox 597 745 689 807; x_wconf 89' lang='lat' dir='ltr'>populo</span> <span class='ocrx_word' id='word_1_53' title='bbox 707 744 882 791; x_wconf 80' lang='lat' dir='ltr'>Edomitarum.</span> 
     </span>
     <span class='ocr_line' id='line_1_8' title="bbox 167 840 883 905; baseline -0.001 -18"><span class='ocrx_word' id='word_1_54' title='bbox 167 840 243 904; x_wconf 79' lang='lat' dir='ltr'>Caput</span> <span class='ocrx_word' id='word_1_55' title='bbox 267 844 379 905; x_wconf 84' lang='lat' dir='ltr'>quintum</span> <span class='ocrx_word' id='word_1_56' title='bbox 405 845 537 891; x_wconf 86' lang='lat' dir='ltr'>orationem</span> <span class='ocrx_word' id='word_1_57' title='bbox 562 857 614 889; x_wconf 90' lang='lat' dir='ltr'>esse</span> <span class='ocrx_word' id='word_1_58' title='bbox 641 856 724 888; x_wconf 89' lang='lat' dir='ltr'>omnes</span> <span class='ocrx_word' id='word_1_59' title='bbox 750 841 797 887; x_wconf 86' lang='lat' dir='ltr'>viri</span> <span class='ocrx_word' id='word_1_60' title='bbox 820 840 883 887; x_wconf 89' lang='lat' dir='ltr'>docti</span> 
     </span>
     <span class='ocr_line' id='line_1_9' title="bbox 27 936 883 1000; baseline -0.007 -14"><span class='ocrx_word' id='word_1_61' title='bbox 27 980 32 986; x_wconf 82' lang='grc'><em>.</em></span> <span class='ocrx_word' id='word_1_62' title='bbox 85 938 319 999; x_wconf 75' lang='lat' dir='ltr'>antiquitusputant,</span> <span class='ocrx_word' id='word_1_63' title='bbox 334 942 362 998; x_wconf 78' lang='lat' dir='ltr'>et,</span> <span class='ocrx_word' id='word_1_64' title='bbox 382 939 588 1000; x_wconf 67' lang='lat' dir='ltr'>quantumvtdeo</span> <span class='ocrx_word' id='word_1_65' title='bbox 606 939 671 984; x_wconf 86' lang='lat' dir='ltr'>solus</span> <span class='ocrx_word' id='word_1_66' title='bbox 690 936 795 983; x_wconf 81' lang='lat' dir='ltr'>Gonzius</span> <span class='ocrx_word' id='word_1_67' title='bbox 814 936 883 981; x_wconf 87' lang='lat' dir='ltr'>aliter</span> 
     </span>
    </p>
   </div>
   <div class='ocr_carea' id='block_1_2' title="bbox 43 1019 882 1092">
    <p class='ocr_par' dir='ltr' id='par_1_3' title="bbox 43 1019 882 1092">
     <span class='ocr_line' id='line_1_10' title="bbox 43 1019 882 1092; baseline -0.001 -16"><span class='ocrx_word' id='word_1_68' title='bbox 43 1019 45 1021; x_wconf 32' lang='lat'>¹</span> <span class='ocrx_word' id='word_1_69' title='bbox 85 1032 164 1078; x_wconf 84' lang='lat' dir='ltr'>sentit.</span> <span class='ocrx_word' id='word_1_70' title='bbox 187 1031 327 1078; x_wconf 80' lang='lat' dir='ltr'>Sinedubio</span> <span class='ocrx_word' id='word_1_71' title='bbox 342 1037 423 1078; x_wconf 88' lang='lat' dir='ltr'>autem</span> <span class='ocrx_word' id='word_1_72' title='bbox 432 1033 558 1092; x_wconf 86' lang='lat' dir='ltr'>hoccaput</span> <span class='ocrx_word' id='word_1_73' title='bbox 571 1034 697 1078; x_wconf 80' lang='lat' dir='ltr'>oratioest.</span> <span class='ocrx_word' id='word_1_74' title='bbox 718 1031 807 1091; x_wconf 84' lang='lat' dir='ltr'>Incipit</span> <span class='ocrx_word' id='word_1_75' title='bbox 817 1032 882 1076; x_wconf 89' lang='lat' dir='ltr'>enim</span> 
     </span>
    </p>
   </div>
   <div class='ocr_carea' id='block_1_3' title="bbox 85 1124 880 1194">
    <p class='ocr_par' dir='ltr' id='par_1_4' title="bbox 85 1124 880 1194">
     <span class='ocr_line' id='line_1_11' title="bbox 85 1124 880 1194; baseline 0 -23"><span class='ocrx_word' id='word_1_76' title='bbox 85 1124 122 1171; x_wconf 88' lang='lat' dir='ltr'>ab.</span> <span class='ocrx_word' id='word_1_77' title='bbox 142 1127 186 1172; x_wconf 89' lang='lat' dir='ltr'>Dei</span> <span class='ocrx_word' id='word_1_78' title='bbox 204 1127 354 1188; x_wconf 78' lang='lat' dir='ltr'>allocutione,</span> <span class='ocrx_word' id='word_1_79' title='bbox 365 1142 387 1174; x_wconf 89' lang='lat' dir='ltr'>v.</span> <span class='ocrx_word' id='word_1_80' title='bbox 401 1128 413 1173; x_wconf 81' lang='lat'>1</span> <span class='ocrx_word' id='word_1_81' title='bbox 425 1130 448 1174; x_wconf 89' lang='lat' dir='ltr'>et</span> <span class='ocrx_word' id='word_1_82' title='bbox 456 1128 603 1189; x_wconf 74' lang='lat' dir='ltr'>precatione:</span> <span class='ocrx_word' id='word_1_83' title='bbox 613 1140 668 1173; x_wconf 89' lang='lat' dir='ltr'>ecce</span> <span class='ocrx_word' id='word_1_84' title='bbox 676 1126 810 1187; x_wconf 85' lang='lat' dir='ltr'>ignominia</span> <span class='ocrx_word' id='word_1_85' title='bbox 820 1139 880 1194; x_wconf 83' lang='lat' dir='ltr'>mea</span> 
     </span>
    </p>
   </div>
   <div class='ocr_carea' id='block_1_4' title="bbox 84 1221 880 1285">
    <p class='ocr_par' dir='ltr' id='par_1_5' title="bbox 84 1221 880 1285">
     <span class='ocr_line' id='line_1_12' title="bbox 84 1221 880 1285; baseline 0.001 -20"><span class='ocrx_word' id='word_1_86' title='bbox 84 1221 109 1266; x_wconf 91' lang='lat' dir='ltr'>in</span> <span class='ocrx_word' id='word_1_87' title='bbox 128 1221 238 1269; x_wconf 80' lang='lat' dir='ltr'>versibus</span> <span class='ocrx_word' id='word_1_88' title='bbox 260 1223 342 1269; x_wconf 77' lang='lat'>2--14</span> <span class='ocrx_word' id='word_1_89' title='bbox 364 1223 449 1270; x_wconf 86' lang='lat' dir='ltr'>deinde</span> <span class='ocrx_word' id='word_1_90' title='bbox 469 1224 603 1285; x_wconf 83' lang='lat' dir='ltr'>ignominia</span> <span class='ocrx_word' id='word_1_91' title='bbox 621 1222 773 1282; x_wconf 72' lang='lat' dir='ltr'>describitur,</span> <span class='ocrx_word' id='word_1_92' title='bbox 798 1221 880 1267; x_wconf 89' lang='lat' dir='ltr'>eadem</span> 
     </span>
    </p>
   </div>
   <div class='ocr_carea' id='block_1_5' title="bbox 67 1306 881 1951">
    <p class='ocr_par' dir='ltr' id='par_1_6' title="bbox 67 1306 881 1951">
     <span class='ocr_line' id='line_1_13' title="bbox 84 1306 879 1379; baseline 0 -17"><span class='ocrx_word' id='word_1_93' title='bbox 84 1317 175 1363; x_wconf 87' lang='lat' dir='ltr'>ratione</span> <span class='ocrx_word' id='word_1_94' title='bbox 198 1333 245 1379; x_wconf 83' lang='lat' dir='ltr'>qua</span> <span class='ocrx_word' id='word_1_95' title='bbox 265 1319 385 1379; x_wconf 87' lang='lat' dir='ltr'>incapite</span> <span class='ocrx_word' id='word_1_96' title='bbox 406 1306 495 1379; x_wconf 86' lang='lat' dir='ltr'>primo:</span> <span class='ocrx_word' id='word_1_97' title='bbox 521 1319 573 1365; x_wconf 86' lang='lat' dir='ltr'>sine</span> <span class='ocrx_word' id='word_1_98' title='bbox 594 1320 678 1365; x_wconf 83' lang='lat' dir='ltr'>ordine</span> <span class='ocrx_word' id='word_1_99' title='bbox 696 1318 879 1374; x_wconf 80' lang='lat' dir='ltr'>sententiarum3</span> 
     </span>
     <span class='ocr_line' id='line_1_14' title="bbox 67 1396 881 1474; baseline -0.001 -17"><span class='ocrx_word' id='word_1_100' title='bbox 67 1396 68 1399; x_wconf 7' lang='grc' dir='ltr'><strong>Ἰ</strong></span> <span class='ocrx_word' id='word_1_101' title='bbox 85 1427 105 1460; x_wconf 86' lang='lat' dir='ltr'>e.</span> <span class='ocrx_word' id='word_1_102' title='bbox 119 1428 141 1472; x_wconf 81' lang='lat' dir='ltr'>g.</span> <span class='ocrx_word' id='word_1_103' title='bbox 159 1414 185 1457; x_wconf 90' lang='lat' dir='ltr'>in</span> <span class='ocrx_word' id='word_1_104' title='bbox 202 1413 314 1459; x_wconf 80' lang='lat' dir='ltr'>versibus</span> <span class='ocrx_word' id='word_1_105' title='bbox 333 1411 398 1457; x_wconf 78' lang='lat'>2-4</span> <span class='ocrx_word' id='word_1_106' title='bbox 410 1415 489 1473; x_wconf 82' lang='lat' dir='ltr'>agitur</span> <span class='ocrx_word' id='word_1_107' title='bbox 508 1414 536 1459; x_wconf 88' lang='lat' dir='ltr'>de</span> <span class='ocrx_word' id='word_1_108' title='bbox 553 1415 635 1474; x_wconf 88' lang='lat' dir='ltr'>inopia</span> <span class='ocrx_word' id='word_1_109' title='bbox 652 1412 786 1458; x_wconf 84' lang='lat' dir='ltr'>infelicium</span> <span class='ocrx_word' id='word_1_110' title='bbox 803 1413 881 1457; x_wconf 79' lang='lat' dir='ltr'>homi-</span> 
     </span>
     <span class='ocr_line' id='line_1_15' title="bbox 83 1507 880 1569; baseline 0.001 -18"><span class='ocrx_word' id='word_1_111' title='bbox 83 1521 144 1552; x_wconf 91' lang='lat' dir='ltr'>num</span> <span class='ocrx_word' id='word_1_112' title='bbox 161 1508 188 1552; x_wconf 91' lang='lat' dir='ltr'>in</span> <span class='ocrx_word' id='word_1_113' title='bbox 206 1509 268 1569; x_wconf 79' lang='lat' dir='ltr'>agris</span> <span class='ocrx_word' id='word_1_114' title='bbox 286 1509 385 1554; x_wconf 83' lang='lat' dir='ltr'>vastatis</span> <span class='ocrx_word' id='word_1_115' title='bbox 402 1508 551 1567; x_wconf 78' lang='lat' dir='ltr'>relictorum3</span> <span class='ocrx_word' id='word_1_116' title='bbox 570 1509 596 1553; x_wconf 88' lang='lat' dir='ltr'>in</span> <span class='ocrx_word' id='word_1_117' title='bbox 615 1507 724 1554; x_wconf 79' lang='lat' dir='ltr'>uersibus</span> <span class='ocrx_word' id='word_1_118' title='bbox 743 1507 756 1552; x_wconf 79' lang='lat'>5</span> <span class='ocrx_word' id='word_1_119' title='bbox 776 1510 799 1553; x_wconf 91' lang='lat' dir='ltr'>et</span> <span class='ocrx_word' id='word_1_120' title='bbox 818 1507 831 1552; x_wconf 82' lang='lat'>6</span> <span class='ocrx_word' id='word_1_121' title='bbox 851 1507 880 1553; x_wconf 91' lang='lat' dir='ltr'>de</span> 
     </span>
     <span class='ocr_line' id='line_1_16' title="bbox 82 1603 879 1664; baseline -0.001 -15"><span class='ocrx_word' id='word_1_122' title='bbox 82 1604 248 1664; x_wconf 89' lang='lat' dir='ltr'>persecutione</span> <span class='ocrx_word' id='word_1_123' title='bbox 273 1603 418 1663; x_wconf 76' lang='lat' dir='ltr'>incolarum3</span> <span class='ocrx_word' id='word_1_124' title='bbox 446 1605 471 1650; x_wconf 89' lang='lat' dir='ltr'>in</span> <span class='ocrx_word' id='word_1_125' title='bbox 498 1603 610 1651; x_wconf 80' lang='lat' dir='ltr'>uersibus</span> <span class='ocrx_word' id='word_1_126' title='bbox 637 1604 718 1650; x_wconf 82' lang='grc'>8-10</span> <span class='ocrx_word' id='word_1_127' title='bbox 739 1604 825 1650; x_wconf 90' lang='lat' dir='ltr'>iterum</span> <span class='ocrx_word' id='word_1_128' title='bbox 851 1603 879 1649; x_wconf 91' lang='lat' dir='ltr'>de</span> 
     </span>
     <span class='ocr_line' id='line_1_17' title="bbox 83 1699 879 1761; baseline 0 -17"><span class='ocrx_word' id='word_1_129' title='bbox 83 1699 215 1746; x_wconf 85' lang='lat' dir='ltr'>calamitate</span> <span class='ocrx_word' id='word_1_130' title='bbox 246 1703 268 1746; x_wconf 91' lang='lat' dir='ltr'>et</span> <span class='ocrx_word' id='word_1_131' title='bbox 295 1701 377 1761; x_wconf 89' lang='lat' dir='ltr'>inopia</span> <span class='ocrx_word' id='word_1_132' title='bbox 404 1700 538 1746; x_wconf 88' lang='lat' dir='ltr'>incolarum</span> <span class='ocrx_word' id='word_1_133' title='bbox 564 1701 648 1761; x_wconf 83' lang='lat' dir='ltr'>agitur.</span> <span class='ocrx_word' id='word_1_134' title='bbox 675 1703 727 1745; x_wconf 89' lang='lat' dir='ltr'>tum</span> <span class='ocrx_word' id='word_1_135' title='bbox 753 1700 779 1744; x_wconf 92' lang='lat' dir='ltr'>in</span> <span class='ocrx_word' id='word_1_136' title='bbox 805 1700 879 1745; x_wconf 82' lang='lat' dir='ltr'>versi-</span> 
     </span>
     <span class='ocr_line' id='line_1_18' title="bbox 82 1792 878 1855; baseline 0.001 -17"><span class='ocrx_word' id='word_1_137' title='bbox 82 1792 128 1839; x_wconf 88' lang='lat' dir='ltr'>bus</span> <span class='ocrx_word' id='word_1_138' title='bbox 150 1794 248 1839; x_wconf 70' lang='lat' dir='ltr'>ir-it</span> <span class='ocrx_word' id='word_1_139' title='bbox 266 1795 385 1854; x_wconf 58' lang='lat' dir='ltr'>dicuntum</span> <span class='ocrx_word' id='word_1_140' title='bbox 398 1796 497 1855; x_wconf 83' lang='lat' dir='ltr'>quaein</span> <span class='ocrx_word' id='word_1_141' title='bbox 512 1794 572 1840; x_wconf 87' lang='lat' dir='ltr'>urbe</span> <span class='ocrx_word' id='word_1_142' title='bbox 584 1798 652 1855; x_wconf 88' lang='lat' dir='ltr'>capta</span> <span class='ocrx_word' id='word_1_143' title='bbox 665 1795 807 1852; x_wconf 81' lang='lat' dir='ltr'>acciderint3</span> <span class='ocrx_word' id='word_1_144' title='bbox 825 1808 878 1840; x_wconf 82' lang='lat' dir='ltr'>ver-</span> 
     </span>
     <span class='ocr_line' id='line_1_19' title="bbox 82 1888 877 1951; baseline 0.001 -17"><span class='ocrx_word' id='word_1_145' title='bbox 82 1902 124 1934; x_wconf 86' lang='lat' dir='ltr'>sus</span> <span class='ocrx_word' id='word_1_146' title='bbox 148 1889 244 1934; x_wconf 82' lang='lat'>15-18</span> <span class='ocrx_word' id='word_1_147' title='bbox 266 1892 355 1936; x_wconf 86' lang='lat' dir='ltr'>statum</span> <span class='ocrx_word' id='word_1_148' title='bbox 376 1890 460 1950; x_wconf 85' lang='lat' dir='ltr'>populi</span> <span class='ocrx_word' id='word_1_149' title='bbox 481 1889 627 1938; x_wconf 85' lang='lat' dir='ltr'>describunt.</span> <span class='ocrx_word' id='word_1_150' title='bbox 662 1888 729 1934; x_wconf 91' lang='lat' dir='ltr'>Haec</span> <span class='ocrx_word' id='word_1_151' title='bbox 751 1889 877 1951; x_wconf 84' lang='lat' dir='ltr'>descriptio</span> 
     </span>
    </p>
   </div>
   <div class='ocr_carea' id='block_1_6' title="bbox 80 1981 763 2045">
    <p class='ocr_par' dir='ltr' id='par_1_7' title="bbox 80 1981 763 2045">
     <span class='ocr_line' id='line_1_20' title="bbox 80 1981 763 2045; baseline 0.004 -16"><span class='ocrx_word' id='word_1_152' title='bbox 80 1982 164 2030; x_wconf 84' lang='lat' dir='ltr'>finitur</span> <span class='ocrx_word' id='word_1_153' title='bbox 183 1986 298 2032; x_wconf 88' lang='lat' dir='ltr'>oratione:</span> <span class='ocrx_word' id='word_1_154' title='bbox 320 2000 410 2032; x_wconf 81' lang='lat' dir='ltr'>renova</span> <span class='ocrx_word' id='word_1_155' title='bbox 429 1985 478 2032; x_wconf 88' lang='lat' dir='ltr'>dies</span> <span class='ocrx_word' id='word_1_156' title='bbox 496 1981 591 2031; x_wconf 85' lang='lat' dir='ltr'>nostros</span> <span class='ocrx_word' id='word_1_157' title='bbox 609 1985 763 2045; x_wconf 84' lang='lat' dir='ltr'>antiquiores.</span> 
     </span>
    </p>
   </div>
   <div class='ocr_carea' id='block_1_7' title="bbox 399 2178 559 2186">
    <p class='ocr_par' dir='ltr' id='par_1_8' title="bbox 399 2178 559 2186">
     <span class='ocr_line' id='line_1_21' title="bbox 399 2178 559 2186; baseline 0 0"><span class='ocrx_word' id='word_1_158' title='bbox 399 2178 559 2186; x_wconf 52' lang='lat' dir='ltr'>wmvxvvwvxw</span> 
     </span>
    </p>
   </div>
   <div class='ocr_carea' id='block_1_8' title="bbox 325 2330 632 2406">
    <p class='ocr_par' dir='ltr' id='par_1_9' title="bbox 325 2330 632 2406">
     <span class='ocr_line' id='line_1_22' title="bbox 325 2330 632 2406; baseline 0.013 -17"><span class='ocrx_word' id='word_1_159' title='bbox 325 2330 350 2390; x_wconf 79' lang='lat' dir='ltr'>G.</span> <span class='ocrx_word' id='word_1_160' title='bbox 374 2332 410 2390; x_wconf 83' lang='lat' dir='ltr'>De</span> <span class='ocrx_word' id='word_1_161' title='bbox 432 2333 632 2406; x_wconf 83' lang='lat' dir='ltr'>conpositione.</span> 
     </span>
    </p>
   </div>
   <div class='ocr_carea' id='block_1_9' title="bbox 78 2476 940 2942">
    <p class='ocr_par' dir='ltr' id='par_1_10' title="bbox 78 2476 940 2831">
     <span class='ocr_line' id='line_1_23' title="bbox 158 2476 877 2540; baseline 0.001 -17"><span class='ocrx_word' id='word_1_162' title='bbox 158 2476 376 2538; x_wconf 78' lang='lat' dir='ltr'>&#39;Disquisitionibus</span> <span class='ocrx_word' id='word_1_163' title='bbox 394 2479 423 2525; x_wconf 90' lang='lat' dir='ltr'>de</span> <span class='ocrx_word' id='word_1_164' title='bbox 443 2480 551 2540; x_wconf 83' lang='lat' dir='ltr'>quinque</span> <span class='ocrx_word' id='word_1_165' title='bbox 571 2481 706 2526; x_wconf 83' lang='lat' dir='ltr'>carminum</span> <span class='ocrx_word' id='word_1_166' title='bbox 724 2494 791 2525; x_wconf 76' lang='lat' dir='ltr'>nexu</span> <span class='ocrx_word' id='word_1_167' title='bbox 807 2479 877 2525; x_wconf 83' lang='lat' dir='ltr'>factis</span> 
     </span>
     <span class='ocr_line' id='line_1_24' title="bbox 78 2572 877 2632; baseline 0.004 -14"><span class='ocrx_word' id='word_1_168' title='bbox 78 2572 180 2619; x_wconf 89' lang='lat' dir='ltr'>iamdiu</span> <span class='ocrx_word' id='word_1_169' title='bbox 192 2574 237 2619; x_wconf 87' lang='lat' dir='ltr'>viri</span> <span class='ocrx_word' id='word_1_170' title='bbox 249 2573 313 2620; x_wconf 84' lang='lat' dir='ltr'>docti</span> <span class='ocrx_word' id='word_1_171' title='bbox 330 2574 356 2618; x_wconf 91' lang='lat' dir='ltr'>in</span> <span class='ocrx_word' id='word_1_172' title='bbox 365 2575 509 2621; x_wconf 86' lang='lat' dir='ltr'>sententiam</span> <span class='ocrx_word' id='word_1_173' title='bbox 520 2575 618 2622; x_wconf 86' lang='lat' dir='ltr'>adducti</span> <span class='ocrx_word' id='word_1_174' title='bbox 630 2577 695 2632; x_wconf 75' lang='lat' dir='ltr'>sunt,</span> <span class='ocrx_word' id='word_1_175' title='bbox 703 2576 809 2621; x_wconf 86' lang='lat' dir='ltr'>carmina</span> <span class='ocrx_word' id='word_1_176' title='bbox 827 2590 877 2621; x_wconf 92' lang='lat' dir='ltr'>non</span> 
     </span>
     <span class='ocr_line' id='line_1_25' title="bbox 79 2668 940 2732; baseline 0.005 -19"><span class='ocrx_word' id='word_1_177' title='bbox 79 2668 105 2713; x_wconf 90' lang='lat' dir='ltr'>in</span> <span class='ocrx_word' id='word_1_178' title='bbox 123 2682 150 2714; x_wconf 93' lang='lat' dir='ltr'>eo</span> <span class='ocrx_word' id='word_1_179' title='bbox 169 2668 260 2727; x_wconf 86' lang='lat' dir='ltr'>ordine,</span> <span class='ocrx_word' id='word_1_180' title='bbox 279 2684 327 2731; x_wconf 85' lang='lat' dir='ltr'>quo</span> <span class='ocrx_word' id='word_1_181' title='bbox 344 2685 388 2717; x_wconf 86' lang='lat' dir='ltr'>nos</span> <span class='ocrx_word' id='word_1_182' title='bbox 405 2670 477 2717; x_wconf 90' lang='lat' dir='ltr'>hodie</span> <span class='ocrx_word' id='word_1_183' title='bbox 494 2671 604 2731; x_wconf 77' lang='lat' dir='ltr'>legimus,</span> <span class='ocrx_word' id='word_1_184' title='bbox 623 2672 719 2732; x_wconf 82' lang='lat' dir='ltr'>scripta,</span> <span class='ocrx_word' id='word_1_185' title='bbox 736 2671 779 2718; x_wconf 86' lang='lat' dir='ltr'>sed</span> <span class='ocrx_word' id='word_1_186' title='bbox 791 2674 877 2732; x_wconf 85' lang='lat' dir='ltr'>postea</span> <span class='ocrx_word' id='word_1_187' title='bbox 938 2716 940 2718; x_wconf 80' lang='grc'>,</span> 
     </span>
     <span class='ocr_line' id='line_1_26' title="bbox 78 2764 629 2831; baseline 0.009 -22"><span class='ocrx_word' id='word_1_188' title='bbox 78 2777 121 2824; x_wconf 88' lang='lat' dir='ltr'>per</span> <span class='ocrx_word' id='word_1_189' title='bbox 139 2764 316 2825; x_wconf 68' lang='lat' dir='ltr'>„collectorem‘</span> <span class='ocrx_word' id='word_1_190' title='bbox 334 2767 360 2811; x_wconf 90' lang='lat' dir='ltr'>in</span> <span class='ocrx_word' id='word_1_191' title='bbox 379 2781 433 2813; x_wconf 90' lang='lat' dir='ltr'>eum</span> <span class='ocrx_word' id='word_1_192' title='bbox 451 2767 549 2831; x_wconf 83' lang='lat' dir='ltr'>redacta</span> <span class='ocrx_word' id='word_1_193' title='bbox 567 2771 629 2814; x_wconf 86' lang='lat' dir='ltr'>sunt.</span> 
     </span>
    </p>

    <p class='ocr_par' dir='ltr' id='par_1_11' title="bbox 158 2860 876 2942">
     <span class='ocr_line' id='line_1_27' title="bbox 158 2860 876 2942; baseline 0.006 -36"><span class='ocrx_word' id='word_1_194' title='bbox 158 2860 247 2907; x_wconf 87' lang='lat' dir='ltr'>Manus</span> <span class='ocrx_word' id='word_1_195' title='bbox 281 2865 496 2942; x_wconf 74' lang='lat' dir='ltr'>commentatorum</span> <span class='ocrx_word' id='word_1_196' title='bbox 523 2867 546 2910; x_wconf 91' lang='lat' dir='ltr'>et</span> <span class='ocrx_word' id='word_1_197' title='bbox 575 2865 714 2910; x_wconf 76' lang='lat' dir='ltr'>anticorum</span> <span class='ocrx_word' id='word_1_198' title='bbox 737 2864 796 2910; x_wconf 89' lang='lat' dir='ltr'>duas</span> <span class='ocrx_word' id='word_1_199' title='bbox 823 2878 876 2910; x_wconf 85' lang='lat' dir='ltr'>sen-</span> 
     </span>
    </p>
   </div>
   <div class='ocr_carea' id='block_1_10' title="bbox 77 2956 875 3022">
    <p class='ocr_par' dir='ltr' id='par_1_12' title="bbox 77 2956 875 3022">
     <span class='ocr_line' id='line_1_28' title="bbox 77 2956 875 3022; baseline 0.008 -22"><span class='ocrx_word' id='word_1_200' title='bbox 77 2956 165 3002; x_wconf 85' lang='lat' dir='ltr'>tentias</span> <span class='ocrx_word' id='word_1_201' title='bbox 187 2956 298 3003; x_wconf 74' lang='lat' dir='ltr'>defendit.</span> <span class='ocrx_word' id='word_1_202' title='bbox 332 2957 400 3005; x_wconf 87' lang='lat' dir='ltr'>luter</span> <span class='ocrx_word' id='word_1_203' title='bbox 421 2972 472 3019; x_wconf 82' lang='lat' dir='ltr'>eos,</span> <span class='ocrx_word' id='word_1_204' title='bbox 497 2960 540 3020; x_wconf 84' lang='lat' dir='ltr'>qui</span> <span class='ocrx_word' id='word_1_205' title='bbox 565 2960 701 3022; x_wconf 82' lang='lat' dir='ltr'>regularem</span> <span class='ocrx_word' id='word_1_206' title='bbox 723 2960 875 3006; x_wconf 85' lang='lat' dir='ltr'>coalitionem</span> 
     </span>
    </p>
   </div>
   <div class='ocr_carea' id='block_1_11' title="bbox 0 0 1004 3369">
    <p class='ocr_par' dir='ltr' id='par_1_13' title="bbox 0 0 1004 3369">
     <span class='ocr_line' id='line_1_29' title="bbox 0 0 1004 3369; baseline 0 3"><span class='ocrx_word' id='word_1_207' title='bbox 0 0 1004 3369; x_wconf 95' lang='lat' dir='ltr'> </span> 
     </span>
    </p>
   </div>
  </div>
 </body>
</html>
