1999 3369
527 154 540 198 6

130 284 207 353 μικρὰ
225 284 311 350 βίβλος
329 279 345 350 ἣ
361 286 473 333 καλεῖται
491 281 589 344 starcia
613 278 668 349 ἥτις
693 279 847 349 ἑρμηνεύεται
870 285 933 347 θρῆ-

133 402 173 442 νος
184 379 309 448 Ἱερεμίου,
346 376 405 446 αὕτη
424 379 451 428 δὲ
468 380 503 444 τῷ
515 375 617 444 Ἱερεμίᾳ
636 375 793 438 συνάπτεται,
806 374 862 436 ἥτις
878 377 932 426 ἐστὶ

132 475 240 544 περισσὴ
258 478 300 526 τοῦ
319 472 429 540 ἀριθμοῦ
445 473 489 523 καὶ
506 475 543 539 τῷ
558 470 660 539 Ἱερεμίᾳ
682 476 857 538 σνναπτομένη.
892 474 932 537 (de

130 573 246 635 Lagania
264 587 348 632 symm.
366 572 398 632 H,
419 570 448 616 17
453 569 485 634 9).

213 668 281 714 Idem
301 670 384 713 auctor
402 666 459 712 dicit
475 666 501 711 in
518 665 579 711 libro
593 664 709 712 adversus
720 666 831 712 haereses
843 665 862 726 I,
872 666 893 726 8,
905 666 929 712 o:

131 758 232 827 εἰκοστὴ
251 759 349 825 δευτέρα
365 757 481 824 Ἱερεμίας
499 756 511 807 ὃ
529 756 658 825 προφήτης
675 756 737 821 μετὰ
761 761 810 807 τῶν
830 758 932 824 Θρήνιον

130 856 173 905 καί
191 855 331 904 ἐπιστολῶν
349 852 422 904 αἰτοῦ
439 873 465 903 τε
483 854 525 903 καὶ
544 857 586 902 τοῦ
603 851 728 918 Βαροίχ.1)

209 953 304 1000 Deinde
325 952 453 998 atteramus
472 966 586 998 canonem
605 952 739 1012 Augustini
764 951 803 1012 (de
822 952 930 999 doctrina

131 1049 261 1096 christiana
272 1048 305 1109 H,
325 1049 371 1110 13),
383 1049 409 1093 in
428 1062 475 1108 quo
487 1048 686 1093 lamentationum
698 1048 754 1093 iibri
766 1048 854 1094 mentio
869 1048 931 1094 iacta

128 1160 177 1191 non
188 1148 236 1206 est3
255 1159 328 1205 quam
338 1143 367 1189 ob
376 1158 428 1190 rem
437 1145 482 1189 hoc
492 1157 590 1204 quoque
598 1144 650 1189 ioco
663 1143 733 1190 nobis
748 1146 857 1191 conicere
866 1144 928 1206 licet,

128 1240 198 1287 iilum
218 1239 308 1285 librum
328 1253 383 1284 cum
398 1239 519 1284 vaticiniis
538 1236 654 1284 Ieremiae
671 1239 747 1285 fnisse
766 1241 928 1287 coniunctum.

209 1334 322 1396 Denique
336 1334 469 1395 proicgum,
488 1334 531 1394 qui
544 1333 632 1379 dicitur
649 1334 768 1394 gaieatum
778 1312 929 1396 Hieronymi,

131 1431 172 1491 qui
198 1430 296 1476 threnos
322 1444 402 1491 neque
423 1430 449 1474 in
468 1428 552 1474 ordine
569 1428 746 1490 prophetarum,
774 1445 877 1491 quorum
895 1431 928 1476 to-

130 1539 185 1571 cum
203 1529 300 1571 sentum
317 1525 455 1571 Hieremias
472 1524 549 1584 habet,
568 1539 647 1585 nequo
664 1526 690 1571 in
709 1526 792 1571 ordine
809 1526 885 1586 tertio⁷
902 1526 928 1571 in

129 1620 298 1682 hagiographis
308 1622 485 1679 commemorat,
491 1623 572 1665 tamen
580 1621 610 1666 iis
617 1621 721 1666 eundem
732 1634 803 1681 quem
814 1621 929 1682 Augusti-

130 1732 178 1764 nus
198 1717 307 1762 attribuit
323 1716 410 1761 iocum.
454 1714 503 1762 Sub
529 1715 578 1761 fine
596 1715 784 1761 enumerationis
802 1716 854 1761 eius
871 1716 930 1760 haee

128 1812 232 1874 legimus
250 1810 336 1858 rerba:
355 1811 438 1871 Atque
455 1812 488 1857 ita
505 1810 568 1857 fiunt
585 1811 673 1872 pariter
690 1810 779 1857 ueteris
796 1810 856 1871 tegis
874 1810 929 1856 iibri

128 1909 216 1969 viginti
234 1909 281 1954 duo
293 1906 308 1951 i.
322 1920 341 1952 e.
355 1904 431 1952 hosis
450 1907 565 1967 quinque,
584 1907 752 1967 prophetarum
771 1909 830 1965 octo,
848 1906 929 1967 hagio-

129 2004 274 2065 graphorum
293 2016 391 2063 norem3
418 2016 564 2062 quamquam
582 2002 695 2048 nonnulii
717 2001 784 2048 Ruth
803 2005 826 2048 et
844 1997 934 2048 Cinoth‘

128 2098 193 2143 inter
210 2096 372 2158 hagiographa
391 2097 526 2157 scriptitent
544 2100 567 2143 et
584 2097 659 2144 libros
677 2097 720 2144 hos
738 2098 763 2143 in
785 2111 828 2143 suo
844 2083 929 2157 putent

129 2207 231 2239 numero
250 2193 424 2254 supputandos,
442 2207 470 2238 ac
487 2207 530 2253 per
546 2193 592 2238 hoe
609 2207 661 2239 esse
673 2194 765 2254 priscae
782 2193 842 2253 tegis
854 2192 929 2238 libros

128 2289 215 2349 viginti
232 2291 353 2349 quattuor.

208 2382 254 2430 His
271 2383 304 2428 ita
323 2384 459 2445 disputatis,
477 2387 644 2431 convertamus
656 2399 700 2431 nos
713 2385 742 2431 ad
764 2384 928 2445 quaestionem

210 2515 227 2564 1)
243 2513 299 2554 Geni.
314 2514 378 2557 Hilar,
393 2514 471 2555 Pictav.
488 2514 556 2566 (inibit)
570 2515 647 2566 prolog.
662 2516 738 2566 inps:
753 2515 864 2555 Hieremias
879 2527 927 2554 cum
942 2534 944 2537 ·

129 2598 272 2637 lamentatione
287 2599 308 2637 et
322 2598 413 2647 epistola.

206 2679 305 2722 Athenas,
329 2679 402 2732 (†375)
423 2692 453 2730 ep.
479 2679 527 2725 fest,
547 2677 634 2732 Ἱερεμίας
647 2685 678 2719 καὶ
704 2679 741 2721 cia
764 2673 820 2730 αὗτῷ
842 2679 927 2733 Βαρσίνχ,

127 2733 207 2815 θρῆνοι)
222 2760 321 2812 ἐπιστολή.

213 2842 281 2895 Cyrtii.
295 2845 377 2885 ierusal.
394 2844 461 2897 (†386)
477 2845 551 2884 catech.
559 2844 595 2897 IV,
604 2848 629 2887 35
644 2844 726 2897 (βίβλος)
737 2850 768 2884 καὶ
777 2842 866 2898 Ἱερεμίου
876 2844 925 2884 μετὰ
944 2842 948 2846 ”

126 2927 207 2979 Βαρονχ
219 2932 250 2966 καὶ
265 2925 352 2980 θρήνεον
366 2933 397 2966 καὶ
411 2926 515 2977 ἐπιστολῆς
531 2928 569 2967 eto.

448 3071 608 3080 wmvwwvwwm
