1999 3369
524 147 538 191 8

128 279 213 326 lectori
229 279 256 324 in
274 278 392 340 capitibus
409 277 491 324 I—IV
508 277 625 340 praebent
642 279 751 325 ordinem
768 280 892 326 literarum
910 284 928 346 y

129 377 155 434 {b
173 373 283 420 versibus
300 373 368 420 XVI.
388 377 411 420 et
422 373 504 421 err.
522 375 548 419 in
566 373 683 435 capitibus
695 372 789 420 II-IV
807 370 928 432 muratis)

209 484 318 531 Eandem
336 485 493 531 mutationem
511 484 604 546 perficit
622 486 700 531 versio
719 483 825 544 Syriaca.
867 482 928 530 Ver-

129 580 164 626 sio
183 577 254 625 LXX
280 581 339 626 satis
364 578 442 639 habet,
471 581 569 626 nomina
586 579 719 639 literarum,
745 593 807 640 quae
825 562 928 640 singuiis

128 673 241 720 versibus
259 675 391 735 praeponit,
416 675 443 720 in
469 674 588 736 capitibus
605 673 701 721 II-IV
718 674 744 720 in
761 674 871 739 ordinem
889 689 928 721 ca-

128 770 185 830 pitis
211 771 283 831 primi
302 763 429 829 ’Ἀϊν-Φὴ
453 771 592 830 restituere5
618 783 703 815 versus
721 774 803 816 autem
820 770 884 831 ipsos
901 770 927 815 in

129 864 212 910 ordine
230 868 313 911 textus
330 863 444 911 Hebraici
462 863 566 924 praebet.

210 971 430 1019 Oommentatorum
447 972 565 1032 sagacitas
584 986 729 1033 magnopere
751 973 850 1034 studuit,
871 988 927 1019 cau-

129 1081 180 1114 sam
197 1067 270 1114 huius
289 1068 435 1114 differentiae
452 1069 595 1129 perspicere.

209 1162 306 1209 Grotius
323 1163 450 1208 Ieremiam
473 1163 500 1207 in
522 1163 598 1224 capite
626 1163 703 1222 primo
728 1167 755 1208 ut
780 1162 926 1224 Hebraeum,

127 1257 154 1302 in
177 1257 296 1317 capitibus
313 1256 408 1304 II-IV
430 1260 457 1303 ut
477 1258 577 1317 imperio
596 1255 771 1304 Chaidaeorum
789 1257 925 1304 subiectum

129 1351 203 1398 rerba
220 1352 305 1398 fecisse
323 1356 399 1414 putat,
417 1353 544 1400 arbitratus
564 1353 723 1415 „Chaldaeos‘
746 1352 854 1398 ordinem
875 1353 925 1399 lite-

127 1462 217 1507 rarum,
237 1448 277 1508 qui
296 1450 323 1492 in
341 1447 459 1508 capitibus
476 1447 570 1495 H-IV
589 1450 700 1507 occurrit,
718 1461 853 1508 usurpasse.

207 1555 375 1603 Kennicottius
392 1557 495 1617 (dissert.
507 1558 612 1618 general.
630 1553 656 1603 in
674 1556 704 1604 V.
721 1555 746 1604 Τ,
762 1556 776 1615 ξ
794 1556 825 1601 23
840 1571 863 1617 p.
882 1554 925 1619 43)

129 1654 151 1697 et
169 1650 270 1698 iannius
295 1651 366 1713 (Eint.
388 1652 420 1713 H,
437 1668 459 1713 p.
479 1653 534 1710 574)
561 1668 574 1698 a
599 1652 696 1699 librario
724 1653 811 1698 vitium
837 1651 929 1698 factum

129 1759 182 1792 esse
200 1750 293 1806 putant,
311 1746 476 1794 Berthcldtius
493 1744 567 1809 (utar.
587 1748 702 1808 52321)
725 1746 845 1792 oblivione
863 1761 924 1807 qua-

128 1840 182 1886 dam
201 1846 296 1901 poetam
317 1844 343 1888 in
365 1856 467 1889 errorem
490 1843 619 1889 inductum
641 1857 693 1889 esse
711 1840 839 1900 contendit,
857 1855 926 1901 „cum

130 1936 194 1983 enim
216 1938 242 1983 in,
264 1939 370 1984 secundo
393 1939 499 1984 carmine
523 1942 625 1985 errasset
645 1942 715 2000 poeta
736 1938 764 1982 in
783 1935 825 1981 ilia
849 1935 926 1994 iitera,

129 2042 209 2075 errore
227 2033 302 2079 semel
319 2032 382 2079 iacto
403 2033 531 2081 inductum
558 2035 641 2081 eadem
667 2034 760 2079 ratione
787 2045 883 2092 qnoque
899 2032 926 2076 in

130 2126 214 2172 ceteris
230 2141 287 2174 eum
306 2129 380 2176 fuisse
401 2129 517 2190 lapsum.“
546 2129 673 2191 Riegterus
693 2126 852 2188 (Ktagelieder
865 2141 889 2187 p.
902 2126 925 2187 5)

127 2221 199 2267 etiam
216 2227 300 2283 poetae
314 2225 435 2271 licentiam
455 2238 553 2271 causam
571 2238 622 2270 esse
641 2223 706 2269 ducit
717 2222 790 2268 huius
801 2223 925 2267 literarum

128 2315 225 2363 ordinis.
260 2317 381 2366 Kalirarus
403 2318 597 2380 (tamentationes
614 2334 636 2380 p.
657 2317 697 2380 55)
721 2316 880 2378 discrepantia
899 2316 924 2362 in

126 2412 226 2472 psalmis
245 2415 275 2459 25
295 2419 318 2461 et
336 2416 368 2461 34
385 2415 511 2462 observata
529 2416 559 2461 ad
577 2430 629 2461 eam
647 2414 766 2460 adductus
785 2416 820 2459 est
832 2416 926 2460 senten-

126 2507 192 2568 tiam,
207 2512 234 2554 ut
250 2514 325 2571 putet,
337 2511 411 2557 huius
429 2512 465 2557 rei
483 2525 580 2558 cansam
593 2525 624 2556 ex
635 2505 839 2572 autoroypocpr'og
859 2522 926 2553 nunc
944 2526 946 2528 ·

128 2604 226 2665 quidem
255 2609 325 2656 ncbis
353 2608 477 2671 incognita
506 2609 529 2653 et
556 2605 658 2664 fortasse
682 2605 760 2651 adhuc
788 2587 926 2663 indaganda

205 2807 226 2860 1)
241 2808 337 2848 Memoria
357 2809 440 2860 dignum
460 2820 503 2848 esse
524 2806 575 2846 mihi
593 2805 677 2858 ¹ridetur
696 2805 719 2844 in
738 2804 814 2855 psalmo
835 2803 925 2843 XXXIV

125 2889 219 2941 primitus
238 2892 322 2931 eundem
335 2891 438 2932 literarum
451 2890 547 2937 ordinem,
569 2901 628 2939 quem
648 2890 669 2928 in
690 2887 789 2939 capitibus
802 2886 881 2926 II-IV
894 2887 925 2926 in·

126 2971 186 3021 renis⁷
200 2984 259 3032 pap
274 2973 343 3014 foisse.
