1999 3369
502 149 533 193 22

37 317 39 320 .
118 281 213 328 lachius
231 280 262 343 (p.
283 283 305 342 7)
323 282 386 342 lacit,
404 283 474 344 plane
492 295 632 343 perversum
654 282 700 338 est;
729 251 783 327 nam
808 281 847 327 ille
864 281 917 342 ipse

119 376 185 422 dicit:
213 376 291 423 forma
309 378 463 424 acrostichica
481 377 613 424 sententias
632 375 749 437 quasdam
766 377 818 437 ipsa
835 390 916 423 rernm
953 399 955 402 ·

118 475 141 520 et
154 473 291 534 argumenti
311 472 488 518 necessitudine
502 486 551 517 non
570 472 673 518 multum
695 472 758 517 inter
773 486 798 518 se
811 486 916 519 conexas

118 568 241 628 coniungi,
278 567 371 614 Suntne
389 572 470 614 autem
490 548 642 614 collectiones
660 567 840 628 sententiarum,
859 583 876 616 e.
891 585 912 630 g.

117 677 177 722 quas
194 676 239 708 nos
257 662 386 723 „giildenes
411 661 490 710 Andr
508 662 656 723 appellamus
681 664 704 709 et
732 662 915 710 lamentationes

116 757 225 804 eiusdem
244 757 394 818 argumenti?
413 785 444 790 -

197 853 256 900 (lum
269 855 345 901 forma
362 855 499 901 threnorum
510 854 622 915 congruit
635 857 811 915 argumentum.
841 856 913 902 Prae-

117 951 207 996 stantia
216 950 356 996 threnorum
365 950 458 1010 poetica
466 949 579 995 laudatur
588 964 607 995 e.
618 966 640 1011 g.
652 949 776 996 aLowthio
785 949 816 1011 (p.
823 949 872 996 294
880 949 913 1014 s),

115 1047 138 1090 et
149 1044 259 1093 Herdero
277 1043 313 1107 (in
329 1045 477 1106 praefatione
495 1045 525 1091 ad
537 1046 654 1105 Boennel,
667 1045 820 1106 Klagelieder
839 1045 913 1109 risi)
987 1087 989 1092 ,

115 1143 138 1186 et
156 1141 209 1186 aliis
227 1141 286 1187 viris
305 1141 457 1188 doctissimis.

195 1237 264 1285 Certe
282 1240 308 1284 in
325 1239 374 1285 illis
395 1239 545 1285 carminibus
566 1252 652 1284 uersus
678 1238 843 1300 inveniuntun'
868 1240 911 1300 qni

114 1335 216 1380 elatione
241 1338 313 1395 atque
340 1335 466 1380 altitudine
494 1335 607 1380 orationis
635 1336 727 1380 animos
754 1348 844 1393 eorum,
870 1336 912 1395 qui

111 1429 203 1491 legunt,
233 1434 382 1491 permovent,
410 1430 539 1491 praecipue
567 1430 592 1474 in
619 1429 738 1491 capitibus
766 1429 791 1476 Π
818 1432 840 1476 et
865 1429 909 1477 IV.
999 1444 1000 1452 ¹

112 1522 160 1569 Sed
186 1523 357 1571 Wiedenieldii
383 1526 501 1571 sententia
528 1523 560 1588 (p.
589 1522 628 1587 4);
657 1510 716 1585 ’,11111
742 1524 911 1587 Klaggesiinge

113 1633 199 1666 unsers
217 1618 353 1681 Propheten
372 1621 461 1679 gleiten
479 1621 505 1664 in
523 1624 613 1666 nartem
630 1619 772 1666 Fletentone
797 1621 857 1666 iiber
872 1620 911 1666 die

110 1713 237 1761 Triimmer
244 1714 408 1762 Jerusalems“
418 1729 530 1776 perversa
540 1715 600 1761 mihi
610 1729 661 1762 esse
671 1715 772 1762 videtur.
790 1715 911 1762 Reussius

111 1811 187 1871 igitur
204 1814 268 1857 recte
285 1811 376 1857 iudicat
393 1811 419 1870 (l.
439 1826 458 1857 c.
477 1826 499 1871 p.
519 1809 588 1874 390:
617 1811 665 1871 „als
689 1811 815 1857 noetisches
832 1810 907 1857 Werlr

110 1905 200 1953 fesseln
214 1906 279 1953 diese
297 1905 383 1952 hieder
401 1907 446 1952 den
464 1906 525 1953 Sinn
544 1907 585 1953 des
597 1906 682 1953 Lesers
700 1906 816 1953 vielmehr
834 1906 910 1951 durch

112 2002 159 2048 den
173 2001 326 2048 furohtbaren
338 2000 412 2048 Ernst
428 2002 493 2048 ihres
503 2002 684 2063 Gegenstandes
702 2001 736 2048 als
755 2003 830 2049 durch
839 2002 907 2048 ihren

111 2098 212 2159 eigenen
237 2097 403 2143 literarischen
424 2096 530 2143 Werth.“
576 2096 663 2159 Opinio
683 2098 786 2159 denique
804 2097 908 2144 Schnee-

110 2193 198 2239 dorferi
215 2193 245 2254 (p.
265 2191 289 2255 6)
314 2195 337 2240 et
353 2192 480 2239 Flo'olrneri
499 2192 530 2256 (p.
550 2191 661 2257 alesin),
690 2208 737 2254 qua
763 2197 855 2254 putant,
881 2194 907 2245 in

110 2289 147 2334 his
165 2288 313 2335 carminibus
331 2289 492 2335 calamitatem
510 2289 578 2335 urbis
605 2288 634 2335 ab
661 2290 765 2346 homine,
785 2290 827 2350 qui
853 2303 906 2335 eam

109 2384 184 2431 oculis
202 2384 253 2430 suis
273 2384 365 2446 viderit,
383 2385 412 2430 ad
430 2384 502 2431 fidem
520 2386 635 2432 historiae
650 2385 748 2445 narrari,
764 2385 908 2431 stultissima

108 2485 144 2527 est
169 2480 323 2527 nominanda.
365 2479 426 2526 Nam
448 2483 515 2526 tanta
541 2481 663 2527 calamitas
690 2483 761 2541 atque
786 2481 906 2541 pernicies
945 2540 946 2543 Ἴ

107 2576 181 2623 totius
190 2576 274 2638 populi
283 2580 332 2623 tarn
341 2577 415 2638 polita
428 2580 452 2623 et
464 2576 542 2623 faceta
552 2576 628 2623 forma
642 2576 745 2623 describi
756 2591 806 2623 non
820 2576 905 2623 solent.
