1999 3369
507 167 537 212 20

201 301 275 362 Apud
293 300 354 346 Nan.
373 303 396 346 et
415 298 487 360 Sopb.
507 313 591 346 uersus
609 301 699 360 passim
717 300 810 360 legitur.

206 398 316 458 Denique
334 401 437 444 metrum
456 399 564 441 nostrum
581 396 704 441 iuvenitur
718 397 742 440 in
756 396 921 456 compluribus

123 491 222 552 psalmis
238 493 338 539 minoris
356 492 448 551 aetatis3
467 505 485 537 e.
498 490 629 551 g.ps.19‚8
648 505 677 536 ss.
696 491 733 537 42.
751 492 792 536 43.
811 491 921 551 boffa-l.

126 587 180 634 llll.
201 587 332 647 laur-83
360 588 488 633 maximam
507 589 599 647 partem
618 589 641 632 et
657 587 682 632 in
699 587 730 633 iis
747 586 853 647 psalmis,
880 587 920 646 qui

125 682 238 728 dicuntur
256 657 376 749 ffitbyffl
395 683 470 743 iw-

204 775 292 821 Fontes
317 789 359 836 pro
384 779 436 822 rata
462 780 528 837 parte
554 777 602 822 rari
629 780 692 823 sunt.
736 775 822 837 ltaque
850 777 919 823 inodo

124 873 232 918 conicere
250 869 367 916 audemus
384 871 452 917 haec:

204 978 429 1025 Versusiurenitur
440 980 464 1025 iu
484 979 638 1040 carminibus,
656 994 718 1041 quae
737 980 843 1040 antiquis
860 983 920 1026 tem-

123 1073 222 1135 poribus
248 1074 273 1118 in
303 1088 342 1120 ore
367 1075 450 1135 populi
475 1076 580 1135 suerunt,
608 1076 648 1122 sed
667 1077 693 1121 iu
710 1075 921 1122 lamentationibus

123 1170 202 1215 stricte
221 1168 290 1214 dictis
308 1184 356 1215 non
376 1172 486 1217 occurrit.

202 1282 230 1327 ln
254 1280 366 1342 operibus
392 1281 536 1342 propheticis
558 1280 685 1326 adhibetur
701 1282 726 1327 in
744 1281 921 1329 lamentationi-

121 1378 166 1424 bus
183 1376 231 1424 late
249 1376 318 1422 (lictis
336 1382 406 1466 mil]
421 1380 480 1437 m]
498 1353 583 1438 bij.

201 1488 291 1535 Utrum
317 1487 391 1547 igitur
407 1500 492 1531 versus
510 1489 591 1532 noster
610 1487 705 1533 demum
725 1503 738 1533 a
755 1488 875 1548 prophetis
892 1488 917 1533 in

121 1567 335 1645 paurentationibus
354 1581 476 1627 adhibitus
501 1583 531 1627 sit
549 1597 578 1627 an
596 1583 643 1628 iam
662 1586 731 1629 antea
748 1585 772 1629 in
792 1565 857 1644 [obesi
875 1598 919 1645 po-

121 1681 201 1742 pulari
219 1694 267 1726 usu
286 1679 385 1739 venerit,
408 1678 527 1723 incertum
547 1682 588 1724 est.
608 1678 666 1724 Post
683 1682 782 1724 aetatem
799 1679 920 1740 propheti-

123 1791 174 1822 cam
193 1789 277 1821 versus
296 1775 399 1819 occurrit
416 1774 440 1818 in
458 1774 523 1834 poesi
541 1774 652 1833 religiosa
670 1778 693 1820 et
711 1774 834 1820 didactica.

200 1886 285 1946 ltaque
310 1899 364 1931 cum
391 1883 520 1930 Buddeum
547 1887 674 1945 sequentes
693 1899 791 1931 versum
808 1889 917 1933 nostrum

122 1984 167 2029 (len
195 1980 351 2043 speciliscben
377 1978 575 2040 lllagelied-Vers
601 1982 726 2027 nominare
752 1982 863 2041 velimus
888 1983 918 2028 ad

123 2079 222 2123 aetatem
240 2076 402 2138 propheticam
430 2078 453 2121 et
479 2075 576 2121 threnos
599 2076 645 2122 late
664 2077 738 2124 dictos
756 2077 827 2124 nabis
844 2080 918 2140 respi-

120 2173 232 2219 ciendum
252 2176 294 2217 est.

199 2280 292 2327 Versus
311 2281 394 2340 capitis
413 2280 497 2340 quinti,
516 2279 578 2340 quosl
598 2280 627 2325 ad
646 2283 792 2327 structuram
809 2283 918 2343 pertinet,

121 2377 189 2423 valde
215 2377 277 2422 alius
304 2380 339 2422 cst
365 2391 392 2422 ac
417 2389 502 2422 versus
521 2377 624 2435 capitum
644 2378 758 2436 quattuor
774 2376 915 2436 primorum.

121 2472 272 2533 Quamquam
292 2487 312 2517 r.
331 2470 352 2530 2,
372 2473 393 2532 3,
412 2471 443 2517 14
467 2472 599 2519 secundnm
626 2470 721 2517 Buddei
739 2477 842 2518 metrum
861 2486 917 2518 con-

120 2568 205 2615 structi
223 2571 286 2627 sunt,
304 2571 384 2613 tamen
404 2581 462 2613 casu
479 2567 549 2612 nobis
566 2566 654 2613 factum
673 2581 724 2613 esse
741 2568 843 2628 ridetur,
862 2582 916 2614 cum

119 2664 207 2725 reliqui
224 2677 310 2710 versus
327 2665 353 2709 in
372 2664 419 2708 duo
438 2662 557 2722 comparia
576 2663 627 2718 cola
646 2662 723 2708 divisa
741 2663 794 2708 sint.

199 2774 224 2821 si
250 2778 356 2821 extremo
388 2774 440 2820 loco
472 2773 501 2818 de
530 2771 619 2819 formae
643 2773 811 2820 acrosticbicae
840 2777 916 2821 aetate

120 2872 265 2933 quaerimus,
292 2870 339 2916 duo
364 2870 452 2916 iudicia
471 2869 533 2930 apud
553 2871 750 2916 commentatores
767 2870 914 2917 invenimus.

199 2968 424 3030 Hengstenbergius
435 2966 638 3029 (Psalm-Comm.
648 2966 680 3025 ll,
690 2983 712 3028 p.
726 2968 767 3024 93)
778 2971 801 3014 et
809 2968 916 3015 Summe·
979 3026 981 3028 Ι
