1999 3369
465 178 497 224 23

344 309 617 383 &mmmm

157 438 344 498 Argumentum
361 437 561 484 lamentationum
579 452 628 483 non
648 436 754 483 continet
773 437 881 497 querelas

84 530 231 594 animosas‚²)
249 533 292 579 sed
311 533 480 593 descriptiones
498 534 657 591 miseriarum,
670 531 759 592 quibus
770 533 879 578 homines

84 633 107 676 et
123 631 188 690 regio
205 631 242 674 ira
259 628 303 674 Dei
322 627 404 673 afflicti
422 631 485 675 sunt.
520 627 549 674 ln
572 629 647 688 capite
669 628 753 687 primo,
775 642 880 689 quocum

84 727 284 771 commentatores
308 723 451 784 plerumque
478 727 616 785 comparant
641 723 686 769 ler.
706 722 736 768 39
763 725 786 768 et
803 720 879 782 Regu.

84 819 106 867 d.
125 818 253 879 aaa-21,
272 817 441 865 describuntur
457 819 568 865 miseriae
585 818 660 867 urbis.
685 832 746 879 quae
769 817 881 878 superbia

82 905 188 960 hostiurn
210 916 293 959 auctae
311 903 338 958 ec
360 913 458 973 gravius
482 913 590 960 infelices
616 913 709 959 incolas
736 913 880 973 deprimunt.

84 1008 161 1070 Caput
182 1009 295 1055 dividitur
313 1009 339 1053 in
356 1011 437 1069 partes
456 1007 522 1069 duas,
541 1023 643 1069 quarum
662 1008 772 1070 singulae
784 1010 880 1052 senten-

83 1106 130 1151 tiae
148 1105 219 1150 modo
237 1104 333 1152 infirmo
350 1119 418 1151 nexu
435 1105 498 1150 inter
519 1119 544 1150 se
562 1105 698 1151 cohaerent.
739 1103 880 1150 'Sententias

83 1199 208 1261 disponere
226 1199 271 1245 lrac
289 1201 380 1246 ratione
398 1201 477 1246 conati
496 1214 590 1246 sumus:

163 1312 187 1344 r.
208 1297 271 1341 1-e
288 1297 348 1343 urbs
366 1304 389 1343 et
405 1300 454 1342 tota
471 1296 539 1343 urbis
557 1298 623 1357 regio
645 1297 750 1343 desolata
772 1300 817 1343 est:
842 1295 880 1342 Ie-

83 1393 195 1453 rusalem,
212 1392 279 1452 luda,
293 1391 358 1437 Sion.
371 1407 392 1438 v.
414 1392 494 1437 5-11
514 1393 593 1453 agitur
611 1393 640 1438 de
658 1393 728 1453 onlpa
740 1391 879 1450 Hierosoly-

83 1489 195 1534 mitarum
215 1489 316 1549 einsqne
334 1489 519 1548 consequentiis,
539 1502 599 1548 quae
617 1492 732 1549 apparent

116 1584 136 1628 1.
155 1597 185 1629 ex
203 1596 310 1629 maerore
326 1583 460 1629 incolarum
479 1598 500 1629 r.
520 1583 591 1630 7—9.

116 1679 136 1723 2.
155 1692 186 1724 ex
204 1692 287 1724 eornm
306 1678 408 1724 miseriis
427 1693 448 1724 r.
468 1678 481 1722 6
501 1682 524 1724 et
543 1679 581 1725 11.

116 1775 136 1819 3.
156 1788 187 1820 ex
206 1773 317 1834 snperbia
334 1788 355 1819 v.
369 1773 390 1818 5.
410 1774 429 1818 l.
450 1775 463 1819 9
482 1778 505 1820 et
518 1775 657 1821 crudelitate
670 1790 693 1821 r.
715 1776 745 1821 10
766 1776 848 1821 hostis.

161 1871 191 1916 ln
209 1871 284 1917 altera
302 1871 386 1931 capitis
404 1875 470 1932 parte
487 1871 545 1918 urbs
564 1886 589 1918 se
608 1874 725 1919 conuertit

116 1966 137 2012 1.
157 1966 186 2012 ad
204 1966 320 2012 uiatorem
337 1969 503 2012 transeuntem
520 1983 543 2013 r.
564 1968 668 2013 12-16.

115 2064 136 2107 2.
157 2062 186 2107 ad
204 2065 288 2123 gentes
305 2076 328 2107 r.
348 2061 404 2109 rab.
424 2063 461 2108 ro.

115 2159 135 2202 3.
148 2143 184 2202 'ad
201 2156 280 2202 Deum
298 2171 321 2202 v.
340 2156 444 2204 20-22.

160 2251 210 2298 Sub
230 2254 239 2297 1
263 2253 341 2314 agitur
359 2253 381 2315 a)
400 2254 429 2299 de
447 2268 520 2300 causa
538 2253 627 2300 doloris
645 2269 667 2300 v.
690 2254 719 2299 12
738 2256 761 2300 et
780 2252 817 2301 14.

113 2347 140 2410 b)
159 2349 187 2395 de
206 2349 294 2395 doloris
313 2352 495 2409 argumentor.
517 2351 554 2396 13.
575 2350 611 2395 it.
631 2350 668 2394 15.

112 2443 134 2507 c)
152 2444 180 2490 de
205 2445 394 2505 consequentiis:
414 2444 584 2505 Hierosolyma
608 2445 735 2492 sedentia
762 2459 877 2506 maerore,

199 2540 275 2586 hostis
292 2540 383 2600 gaudet
400 2556 422 2588 r.
442 2541 481 2588 16.

158 2637 189 2683 ln
210 2651 283 2684 versu
303 2639 332 2683 17
364 2640 504 2684 enuntiatur
537 2640 625 2685 iterum
651 2638 876 2698 Hierosolymorum

159 2833 179 2886 1)
192 2834 262 2885 ltaque
279 2845 395 2884 perversum
409 2837 446 2884 est,
465 2836 517 2885 quod
534 2835 650 2876 Gerlachius
671 2838 792 2877 structuram
808 2837 877 2888 alpha-

79 2915 166 2954 beticam
181 2916 292 2957 adhibitam
308 2929 350 2957 esse
364 2919 428 2967 nocet,
448 2919 473 2957 ut
487 2918 578 2969 querelae
591 2919 649 2959 facile
662 2919 806 2960 immoderatae
820 2932 875 2961 ecer-

79 3000 176 3038 ceremur.
