1999 3369
471 146 554 191 ,10

138 277 214 339 Regel
232 278 334 338 handen,
352 279 387 325 als
406 278 511 325 dieselbe
529 279 580 325 sich
597 279 659 325 ohne
676 277 805 325 Kiinstelei
822 278 877 324 dem
889 277 934 324 (le-

138 373 313 435 dankengange
330 374 418 434 fiigte.“

220 468 334 516 Ordinem
355 470 481 515 literarum
507 468 685 530 alphabeticum
710 468 810 528 labasse,
834 469 934 515 minime

138 564 309 610 coniciendum
333 567 369 611 est
387 563 459 626 (conf.
479 572 501 626 ψ
520 564 578 617 119;
597 563 668 612 Pron,
688 564 758 623 31,10
778 578 818 622 ss,
844 572 867 627 ψ
886 564 932 609 111

137 660 160 703 et
180 659 247 720 112),
274 659 316 705 sed
338 675 351 705 a
372 663 442 720 poeta
464 661 634 720 argumentum
656 659 769 705 carminis
791 660 934 718 respiciente

139 753 248 799 ordinem
266 754 443 814 alphabeticum
462 768 511 799 non
529 768 623 814 semper
640 757 770 813 servatum,
793 753 835 799 sed
852 754 934 815 potius

136 862 179 907 prc
197 852 340 896 necessitate
358 852 477 895 mutatum
495 849 570 895 fuisse
588 849 640 895 reri
657 849 735 895 simile
753 852 801 906 est,
828 849 881 910 hoc,
906 853 934 895 ut

137 943 248 1004 exempla
265 942 368 1003 afferam,
386 945 412 989 in
430 953 453 1007 ψ
472 944 550 1004 21118.
569 944 608 1004 34,
627 944 639 988 l
658 927 747 989 iactum
765 958 823 1004 esse,
848 945 893 991 hoe
911 949 944 990 et*

119 1033 121 1035 ’
137 1039 163 1083 111
182 1038 299 1100 capitibus
317 1039 411 1085 li—lV
423 1040 479 1085 libri
496 1040 637 1086 threnorum
651 1039 765 1085 accidisse
779 1039 849 1086 nohis
867 1053 933 1100 aper-

135 1137 189 1180 tum
207 1148 259 1181 esse
277 1132 403 1196 videtur·.¹)
477 1188 479 1190 ¹

215 1229 300 1276 Nudus
318 1230 466 1290 quaestionis
475 1232 569 1275 nostrae
579 1243 628 1274 non
640 1230 792 1291 persolvitur,
802 1230 843 1275 sed
852 1244 929 1291 perse·

136 1328 209 1384 catur,
215 1326 236 1371 si
242 1324 412 1371 Wiedenieldii
421 1325 564 1371 sententiam
574 1324 694 1384 audimus,
701 1326 743 1385 qui
749 1327 817 1386 putat
824 1315 932 1372 sineulla

136 1423 263 1466 contentus
271 1420 407 1466 turbatione
416 1434 512 1466 versum
524 1419 644 1465 decimum
654 1423 752 1465 sextum
760 1419 873 1466 facillime
880 1434 933 1467 ver-

135 1516 175 1560 sui
193 1515 285 1561 decimo
304 1516 404 1576 septimo
422 1516 536 1576 praeponi
553 1529 629 1575 posse,
654 1519 696 1560 aut
722 1516 742 1561 si
757 1514 875 1561 Meierurn
894 1530 931 1561 se-

139 1612 238 1671 quimur
251 1609 322 1671 (poet.
335 1610 431 1661 Biioher
446 1609 487 1655 des
498 1611 529 1657 A.
543 1609 579 1664 Bal
592 1611 662 1655 etiam
680 1611 705 1655 in
717 1610 795 1656 trihus
814 1609 932 1671 capitibus

136 1704 222 1750 mediis
246 1706 405 1750 mutationem
431 1719 546 1751 versuum
564 1706 743 1765 suscipientem.
778 1704 857 1751 Talem
878 1720 932 1751 mn-

135 1800 250 1846 tationem
269 1815 283 1845 a
301 1801 476 1846 sententiarum
494 1800 576 1845 ordine
595 1800 728 1860 abhorrere,
747 1801 832 1847 saltem
848 1802 875 1846 in
894 1814 931 1846 ca·
961 1818 963 1821 ·

134 1894 225 1955 pitibus
242 1895 338 1941 H—lV
356 1895 558 1942 Schneedorferns
575 1896 629 1942 iure
647 1897 777 1943 contendit.

216 1990 293 2051 (lapaut
309 1977 433 2052 'quintum
459 1989 515 2035 libri
539 1992 679 2037 threnorum
706 1994 809 2037 nonest
835 1977 932 2036 carmen

135 2084 319 2146 alphabeticum,
337 2086 379 2132 sed
401 2086 473 2131 hahet
499 2085 603 2132 eundem
626 2099 697 2147 quern
715 2084 828 2147 capital,
846 2084 879 2143 ll,
895 2083 932 2130 IV

135 2195 272 2230 numerum,
284 2195 397 2227 versuum
415 2182 632 2228 massoretioorum.
668 2179 716 2226 Cur
731 2182 788 2227 ordo
806 2180 931 2226 literarum

132 2277 159 2322 in
171 2277 215 2322 hoc
228 2278 333 2323 carmine
347 2277 472 2337 neglectus
490 2278 527 2337 sit,
539 2275 660 2323 Kalkarus
673 2276 754 2336 ,hand
766 2275 835 2321 facile
848 2290 930 2337 qnem-

134 2388 208 2433 quam
220 2372 345 2417 invenire“
357 2373 442 2418 merito
456 2372 520 2417 dicit.
544 2371 674 2428 Eualdius,
686 2371 712 2416 in
721 2370 864 2417 Bertholdtii
878 2385 931 2416 sen-

133 2470 233 2514 tentiam
260 2468 401 2527 concedens,
431 2468 536 2527 censuit,
562 2472 684 2512 auctorem
711 2466 825 2512 defecisse
855 2467 930 2513 otium

131 2578 246 2624 magnam
264 2577 360 2624 operam
377 2564 458 2609 literas
475 2563 580 2608 initiales
598 2561 707 2623 elegendi
732 2563 861 2622 suscipere,
899 2561 931 2625 Et

133 2657 274 2704 Gerlaehius
296 2673 393 2705 causam
420 2661 473 2706 eius
498 2660 534 2705 rei
554 2659 649 2704 invenit
673 2635 699 2702 in
716 2661 869 2719 ,argumento
892 2671 930 2702 ca-

132 2755 195 2816 pitis,
223 2753 288 2815 quod
315 2769 368 2801 esse
395 2757 526 2802 orationem
553 2754 618 2800 dicit.
654 2751 784 2813 Opiniones
801 2753 930 2814 utriusque

213 2885 374 2937 nuenariani
395 2889 421 2937 (p.
441 2885 475 2936 55)
494 2884 664 2925 contradictione:
682 2884 737 2935 atqui
754 2882 789 2922 illa
805 2883 887 2923 licentia
908 2884 929 2923 in

130 2979 147 3021 D
161 2968 220 3008 litera
234 2980 313 3019 semper
326 2969 418 3022 occurrit,
433 2970 455 3008 in
470 2968 580 3019 posteriore
595 2967 659 3017 eapite
674 2967 747 3016 agitur.
770 2977 772 2979 ’
