1999 3369
490 138 503 182 5

175 267 205 314 In
226 266 298 314 LXX
326 269 435 315 versione
461 268 541 314 threni
566 270 701 328 sequuntur
722 267 810 313 librum
823 266 896 326 vIere-

95 364 157 410 miae
175 363 313 425 prophetae3
338 365 398 409 item
414 364 441 408 in
457 363 611 409 versionibus
628 340 688 410 itafa
707 365 730 408 et
746 360 860 423 Vulgata.

178 457 245 514 Quae
263 459 326 520 apud
344 458 473 519 Iosephum
492 472 541 504 non
559 458 629 505 aliter
649 472 674 505 se
694 457 808 504 habuisse
826 457 895 504 nobis

96 554 265 608 coniciendum
290 555 333 599 est.
378 551 441 599 Nam
466 567 522 599 oum
546 554 626 599 threni
646 554 709 600 inter
730 568 757 599 ea
781 555 895 614 quattuor

95 663 177 709 opera,
200 663 262 709 quae
286 649 394 694 eontinet
413 663 468 709 pars
486 649 556 695 tertie
572 648 690 695 librorum
708 643 815 705 δικαίως
832 649 894 695 θεῖα

94 745 286 803 nominatorum,
310 746 407 805 propter
429 748 599 804 argumentum
624 732 696 789 suum
717 744 823 789 inveniri
844 758 894 790 non

92 839 196 900 possint,
215 834 241 885 αἱ
268 837 295 885 δὲ
316 840 431 901 τέσσαρες
448 833 535 899 δμνοος
561 834 596 895 εἰς
620 834 662 885 τὸν
686 833 746 885 θεὸν
772 837 815 886 καί
840 841 893 897 τοῖς

92 928 239 997 ἀνθρώποις
255 929 388 999 teneasne
402 933 444 981 τοῦ
460 929 516 995 βίον
532 930 688 996 περιέχουσιν
702 931 847 994 (e.Apion.I,
858 934 891 999 8),

94 1029 254 1077 dubitandum
279 1043 327 1075 uon
352 1033 396 1089 est,
422 1031 480 1090 quin
502 1029 621 1091 Iosephus
643 1028 733 1075 librum
751 1030 892 1076 threnorum

93 1128 115 1171 et
134 1125 224 1170 librum
241 1125 410 1170 vaticiniorum
428 1124 543 1170 Ieremiae
563 1126 684 1172 inunum
703 1125 818 1170 volumen
836 1137 892 1169 oon-

91 1222 188 1266 iunotos
206 1219 322 1266 habuerit.

171 1317 256 1379 Neque
275 1318 343 1364 aliter
361 1317 542 1364 diiudicandum
561 1321 597 1365 est
615 1318 644 1365 de
662 1332 755 1365 eanone
770 1316 891 1363 Melitonis

91 1414 196 1470 Summi,
222 1429 293 1474 quem
316 1408 427 1460 δνελδιὺν
448 1408 483 1469 εἷς
503 1408 547 1476 την
569 1407 688 1477 ἀνατολὴν
714 1409 757 1459 ναὶ
783 1410 828 1469 ἕως
849 1412 891 1459 νοῦ

91 1506 169 1557 torreo
202 1505 326 1572 γενόμενος
356 1506 418 1555 ἔνθα
449 1504 570 1572 ἐκηρύχθη
601 1504 644 1555 καί
676 1504 792 1574 ἐπράχθη
821 1507 889 1570 (EuS.

90 1606 113 1652 h.
133 1619 152 1652 e.
170 1604 214 1652 ir.
233 1605 271 1665 26,
290 1605 331 1659 14)
351 1605 463 1665 cognovit
480 1607 503 1649 et
520 1605 649 1650 memoriae
666 1603 771 1651 tradidit.
802 1603 890 1650 Ttrreni

90 1715 121 1746 ne
139 1701 184 1746 hoo
197 1699 294 1762 quiden]
309 1700 361 1746 loeo
374 1699 517 1745 nominatim
530 1703 710 1760 enumerantur,
729 1703 810 1746 tamen
826 1700 890 1746 inter

90 1811 173 1844 omnes
195 1799 289 1843 constat
310 1810 350 1841 eos
372 1809 427 1841 oum
448 1793 509 1840 libro
530 1793 646 1842 Ieremiae
668 1797 809 1843 coniunctos
828 1810 887 1845 esse.
916 1818 918 1821 ·

153 1924 155 1929 -
171 1893 200 1940 Iu
219 1906 311 1939 oanone
330 1891 359 1938 ab
369 1891 468 1953 Origine
481 1892 611 1939 memoriae
621 1892 715 1953 tradito,
729 1889 764 1954 ὠς
776 1889 888 1958 Ἑβραῖοι

89 1983 281 2051 παραδιδόασιν,
299 1988 360 2035 liber
377 1997 458 2035 noster
475 1989 581 2049 primum
604 1990 747 2036 nominatim
765 2004 815 2037 una
833 2004 887 2037 oum

88 2083 208 2129 vaticiniis
217 2082 361 2131 Jeremianis
371 2088 533 2144 enumeratur,
542 2083 609 2141 Eos,
618 2085 673 2131 hist.
684 2084 748 2144 esci,
759 2084 800 2146 VI,
811 2086 849 2143 25,
862 2087 887 2132 2:

86 2173 201 2241 Ἱερεμίας
218 2173 261 2227 σὺν
279 2176 383 2244 Θρηνοις
400 2177 443 2227 καί
458 2180 488 2244 τῇ
504 2177 626 2246 ἐπιστολῇ
641 2178 667 2227 ἒν
683 2176 726 2239 ἑνὶ,
743 2175 851 2245 Ἶερεμία.

167 2274 274 2337 Dignum
295 2290 346 2322 esse
364 2275 433 2322 nobis
451 2275 555 2337 videtur,
577 2276 640 2337 quod
665 2277 712 2323 ¹hoo
732 2278 785 2323 loeo
804 2277 888 2324 affera-

87 2386 141 2418 mus
159 2372 264 2433 primum
283 2371 489 2418 enumerationem
506 2372 679 2434 seripturarum
693 2372 789 2420 Veteris
806 2372 887 2420 Testa-

86 2467 162 2512 menti
180 2480 302 2514 saerarum
318 2466 348 2514 ab
363 2455 497 2529 Epiphanio
516 2468 626 2529 episeopo
644 2468 749 2526 allatam,
769 2483 830 2531 quae
848 2470 886 2515 in-

85 2561 165 2607 veniri
182 2564 258 2622 potest
275 2562 301 2607 in
320 2563 372 2608 eins
391 2563 420 2609 de
442 2565 562 2611 mensuris
589 2568 612 2611 et
637 2564 785 2626 ponderibus
811 2563 885 2625 libro'3

86 2658 111 2702 in
131 2660 238 2724 extrema
256 2658 340 2718 eapitis
359 2658 390 2705 23
408 2664 475 2720 parte
493 2661 551 2707 liaeo
569 2660 643 2707 verba
660 2661 740 2709 affert:
768 2653 841 2711 αὗται
860 2660 887 2710 δὲ

86 2749 112 2800 αἱ
130 2749 209 2800 εἴκοσι
227 2748 292 2800 ἓπνδι
309 2749 393 2815 βίβλοι
411 2750 490 2803 εἰἰιοσι
513 2752 554 2804 δδο
572 2750 739 2820 οἷριδμοῖνναι
762 2754 826 2806 παισὶ
845 2754 887 2806 τὸν

86 2843 261 2910 ἀριθμὸντῶν
286 2848 422 2909 στοιχείων1
443 2848 579 2917 ἐπειδήπερ
606 2851 648 2901 καὶ
674 2856 748 2901 πέντε
774 2855 886 2913 στοιχεῖα

86 2942 240 3005 διπλοῢνναι,
259 2942 347 3003 aaron
365 2940 415 2994 ι’ίνιο
433 2945 593 3012 προείπομεν.
628 2947 681 2997 ἔστι
708 2948 735 2998 δὲ
755 2948 799 2998 καί
825 2944 885 3014 δίλλη
