1999 3369
529 172 544 217 4

138 305 165 351 in
182 304 220 350 his
238 304 392 351 versionibus
409 285 524 365 praefatio
542 304 677 362 invenitur,
694 303 754 348 haec
771 302 844 349 verba
862 303 938 349 conti-

139 413 211 447 nens:
237 399 269 445 nr
285 399 376 445 factum
394 403 436 459 est,
453 402 581 460 postquam
598 400 623 444 in
643 398 806 467 captivitatem,
824 397 937 444 redactus
960 399 963 403 ’

139 498 175 542 est
191 494 266 542 israel
290 498 313 541 et
329 494 461 541 Ierusalem
485 494 579 541 deserta
600 496 646 554 est,
669 494 731 539 sedit
748 493 862 540 Ieremias
882 508 937 554 pro-

138 591 210 651 pheta
231 589 292 636 tlens
315 593 338 635 et
354 589 449 651 planxit
465 589 636 635 lamentatione
656 589 701 634 hac
721 590 747 634 in
763 588 895 635 Ierusalem
914 591 936 634 ct

140 700 221 732 amaro
240 686 319 731 animo
338 686 464 752 suspirans
483 688 506 730 et
524 684 616 730 eiulans
635 683 696 730 dixit
717 711 756 731 —.

219 780 296 842 Caput
312 782 423 841 quintum
439 780 482 825 hac
493 781 651 841 inscriptione
664 783 775 825 ornatum
789 757 833 842 esi:
853 778 934 825 Oratio

137 877 252 924 Ieremias
269 876 404 937 prophetae.

218 971 248 1016 In
266 973 377 1015 versione
396 967 495 1027 Syriaca
510 971 635 1031 inscriptio
647 969 704 1016 iibri
721 971 797 1016 nostri
814 972 874 1015 haec
889 973 933 1015 est:

136 1066 197 1113 liber
214 1065 412 1111 lamentationum
430 1064 546 1111 Iereiniae
563 1066 697 1127 prophetas,

215 1160 245 1206 in
264 1160 376 1221 operibns
393 1164 490 1221 patrum
508 1160 566 1206 haec
583 1165 682 1207 nomina
696 1162 779 1208 lectori
791 1146 931 1225 occurrunt:

135 1253 235 1316 θρῆνος,
252 1256 348 1316 θρῆνοι,
365 1255 452 1315 threni,
469 1255 659 1315 lamentationes,
676 1244 819 1303 lamenta.j÷·''
894 1313 896 1316 Α

455 1369 613 1379 »mmmm-news,

154 1482 180 1540 Β.
204 1481 240 1540 lle
262 1483 328 1553 loco,
351 1498 426 1557 quern
449 1484 514 1542 liber
537 1486 628 1543 noster
651 1485 674 1541 in
695 1498 799 1543 canone
821 1483 872 1540 lab
892 1485 909 1540 t.

213 1641 243 1687 ln
252 1642 375 1689 codicibus
383 1641 510 1690 Hebraicis
516 1644 573 1690 ordo
578 1645 702 1706 librorum,
708 1644 931 1708 quoshagiographa

131 1737 269 1798 nominant,
286 1738 312 1783 in
335 1737 423 1799 quibus
441 1738 502 1786 liber
520 1745 601 1786 noster
618 1744 767 1801 numeratur,
787 1740 869 1786 rarius
888 1743 943 1795 est„
963 1770 965 1773 -

212 1832 242 1879 ln
261 1833 383 1881 codicibus
401 1834 540 1896 Hispanicis
553 1835 609 1882 libri
621 1837 690 1898 positi
706 1839 763 1883 sunt
774 1837 819 1883 hoc
836 1836 929 1883 ordine:

131 1927 326 1989 Paralipomena,
347 1930 448 1991 Psalmi,
469 1931 522 1993 lob,
543 1931 684 1990 Proverbia,
701 1932 777 1993 Ruth,
797 1932 929 1990 Canticum,

129 2023 303 2086 EcclesiasteS,
321 2025 419 2084 Tlireni,
432 2027 521 2074 Esther
542 2031 584 2074 etc.
620 2028 666 2075 Sed
684 2030 710 2074 in
728 2028 853 2075 codicibus
872 2026 929 2086 Ger-

131 2121 233 2167 manicis
253 2122 287 2167 ita
305 2129 474 2169 numerantur:
500 2123 600 2184 Psalmi,
618 2124 760 2185 Proverbia,
777 2123 831 2183 lob,
851 2121 930 2168 (lanti-

129 2227 195 2274 oum,
221 2213 301 2275 Ruth,
327 2217 426 2278 Throni,
451 2217 609 2266 Ecclesiastes
636 2222 679 2266 etc.
721 2219 795 2266 Hunc
820 2218 928 2265 ordinem

129 2315 229 2357 servant
246 2326 288 2358 eae
306 2313 430 2374 editiones,
449 2329 510 2376 quac
526 2315 563 2361 his
578 2296 725 2377 temporibus
742 2316 885 2377 plerumque
902 2315 928 2359 in

128 2405 240 2453 manibus
258 2408 367 2456 virorum
381 2410 504 2457 doctorum
523 2414 590 2469 sunt,
610 2412 635 2457 in
652 2412 683 2458 iis
696 2412 842 2458 editionibus
854 2412 929 2470 igitur

127 2501 217 2548 librum
235 2503 436 2551 lamentationum
455 2507 593 2553 invenimus
608 2508 633 2552 in
646 2506 698 2553 loco
710 2507 929 2569 hagiographorum
941 2538 943 2541 >

128 2581 196 2643 sexto
214 2598 277 2645 inter
294 2599 369 2647 libros
387 2599 452 2648 Ruth
471 2605 494 2648 ct
511 2601 630 2649 Koheleth
647 2603 781 2665 inscriptos.

207 2693 236 2739 ln
254 2697 361 2742 tractatu
379 2696 535 2759 thalmudico,
557 2697 619 2744 baba
636 2698 720 2746 bathra
743 2697 792 2763 (fol.
812 2699 873 2762 tib)
890 2701 927 2747 in-

128 2790 223 2852 script0,
240 2791 365 2837 invenitur
381 2792 443 2839 liber
461 2794 600 2841 threnorum
613 2795 670 2842 item
683 2796 746 2842 inter
757 2796 926 2857 hagiographa,
940 2848 944 2852 ,

128 2899 189 2945 quae
207 2885 252 2932 hoc
272 2887 355 2934 ordine
374 2889 488 2935 collocata
503 2893 570 2937 sunt:
592 2889 663 2950 Ruth,
682 2890 849 2953 Psalmiiob,
868 2893 926 2940 Pro·

123 2980 213 3042 rerbia,
232 2981 395 3044 Ecclesiastes,
414 2984 546 3047 Canticum,
564 2985 657 3045 Threni,
677 2986 765 3034 Daniel
784 2991 827 3035 etc.
