1999 3369
454 957 488 1003 Π.

125 1068 165 1117 De
183 1068 272 1117 foruna
291 1069 318 1117 et
336 1068 368 1117 de
387 1071 548 1130 argumento
567 1070 718 1118 carminum
736 1071 765 1119 ct
783 1070 815 1118 de

309 1176 402 1212 eorum
421 1165 624 1227 compositione.

282 1312 309 1369 Α.
332 1311 368 1368 De
389 1311 476 1369 torma
498 1312 651 1370 carminum.

150 1435 236 1483 Forma
253 1437 351 1497 poetica,
369 1437 474 1499 quaein
493 1436 639 1483 carminibus
656 1436 797 1482 threnorum
815 1451 869 1497 pcr-

69 1529 178 1577 ficicndis
196 1531 301 1578 adbibita
319 1536 360 1592 est,
378 1531 575 1579 artificiosissima
593 1536 629 1579 est
646 1532 800 1590 nominanda,
818 1546 882 1578 non*

70 1626 147 1671 solum
167 1627 231 1687 quod
258 1628 288 1674 ad
314 1627 424 1674 ordinem
449 1642 564 1673 uersuum
582 1628 800 1687 massorcticornm,
826 1626 869 1672 sed

70 1721 143 1766 etiam
161 1722 226 1782 qnod
245 1723 275 1768 ad
293 1726 439 1770 structuram
463 1722 616 1784 singulorum
644 1736 757 1768 versuum
777 1723 867 1768 attinet.

149 1831 231 1879 Primo
258 1834 322 1880 enim
348 1833 434 1880 obtutu
460 1837 563 1894 apparet,
588 1847 675 1880 versus
693 1832 802 1879 ordinem
820 1831 868 1878 He-

70 1925 207 1973 braicorum
227 1928 401 1976 elementorum
419 1929 496 1990 sequi,
522 1928 596 1989 idque
613 1931 639 1973 in
658 1927 794 1973 carminum
811 1941 867 1973 nos-

70 2026 176 2069 strorum
194 2026 307 2085 quattuor
323 2024 422 2086 primis3
440 2025 561 2085 reliquum
582 2026 662 2069 autem
680 2026 723 2083 est,
739 2026 768 2069 ut
780 2022 868 2069 adicia-

69 2133 125 2164 mus
142 2119 167 2164 in
186 2118 305 2179 capitibus
330 2121 416 2181 primo,
443 2120 524 2179 altero,
551 2122 636 2177 quarto
663 2118 771 2179 singulos
796 2118 867 2164 modo

69 2228 155 2261 uersus
173 2215 347 2272 massoreticos,
365 2215 390 2260 in
409 2216 486 2276 capite
504 2216 573 2261 tertio
586 2217 667 2260 ternos
687 2227 771 2259 uersus
784 2213 867 2259 cadem

69 2309 139 2356 iitera
159 2308 300 2371 inchoan31)
327 2310 413 2356 deinde
439 2314 513 2357 restat
539 2313 565 2356 ut
589 2308 714 2367 addamus,
738 2309 764 2352 in
791 2309 868 2369 capite

67 2406 146 2465 primo
180 2404 273 2450 literam
300 2411 318 2474 t)
344 2406 504 2466 praepositam
528 2405 612 2451 iitcrae
638 2411 665 2466 ej,
694 2404 719 2449 in
749 2402 867 2465 capitibus

67 2498 163 2546 Ii-—IV
179 2501 336 2562 postpositam
354 2514 412 2548 esse.

149 2611 249 2659 Codices
266 2610 341 2673 igitur
357 2613 469 2660 nonnulii
486 2614 513 2659 in
530 2612 677 2660 Kennicottii
700 2611 731 2660 V.
749 2610 773 2658 Τ.
791 2610 866 2659 Hebr.

67 2723 123 2755 cnm
142 2722 191 2755 var.
218 2707 271 2755 tect.
298 2710 321 2753 et
345 2709 371 2754 in
394 2709 423 2756 de
440 2708 521 2756 Roscii
538 2710 611 2756 uariis
629 2708 775 2756 lectionibus
792 2705 823 2752 V.
841 2704 866 2753 T.

148 2888 167 2938 1)
182 2886 254 2937 Itaque
268 2888 335 2938 capita
354 2887 371 2939 I,
392 2888 418 2939 Π,
432 2887 495 2927 irin
510 2888 583 2938 viginti
597 2888 642 2936 dno,
656 2888 717 2938 capnt
731 2884 762 2925 HI
775 2886 797 2924 in
811 2897 867 2925 scra-

67 2967 125 3019 giuta
138 2981 176 3008 sex
189 2980 260 3009 versus
274 2970 358 3021 (scilicet
371 2970 518 3023 massoreticos)
534 2971 599 3010 divisa
613 2972 666 3012 sunt.
