<?xml version="1.0" encoding="UTF-8"?>
<!DOCTYPE html PUBLIC "-//W3C//DTD XHTML 1.0 Transitional//EN"
    "http://www.w3.org/TR/xhtml1/DTD/xhtml1-transitional.dtd">
<html xmlns="http://www.w3.org/1999/xhtml" xml:lang="en" lang="en">
 <head>
  <title>
</title>
<meta http-equiv="Content-Type" content="text/html;charset=utf-8" />
  <meta name='ocr-system' content='tesseract 3.04.00' />
  <meta name='ocr-capabilities' content='ocr_page ocr_carea ocr_par ocr_line ocrx_word'/>
</head>
<body>
  <div class='ocr_page' id='page_1' title='image "./MN41902ucmf_0_0048.png"; bbox 0 0 1999 3369; ppageno 0'>
   <div class='ocr_carea' id='block_1_1' title="bbox 424 134 516 218">
    <p class='ocr_par' dir='ltr' id='par_1_1' title="bbox 424 134 516 218">
     <span class='ocr_line' id='line_1_1' title="bbox 424 134 516 218; baseline 0 0"><span class='ocrx_word' id='word_1_1' title='bbox 424 134 516 218; x_wconf 18' lang='lat' dir='ltr'>‘ab</span> 
     </span>
    </p>
   </div>
   <div class='ocr_carea' id='block_1_2' title="bbox 29 292 953 2938">
    <p class='ocr_par' dir='ltr' id='par_1_2' title="bbox 98 292 897 937">
     <span class='ocr_line' id='line_1_2' title="bbox 99 292 897 365; baseline -0.001 -15"><span class='ocrx_word' id='word_1_2' title='bbox 99 292 210 365; x_wconf 77' lang='lat' dir='ltr'>peccatis,</span> <span class='ocrx_word' id='word_1_3' title='bbox 223 319 244 349; x_wconf 73' lang='lat' dir='ltr'>v.</span> <span class='ocrx_word' id='word_1_4' title='bbox 257 305 361 351; x_wconf 64' lang='lat' dir='ltr'>ata-tt.</span> <span class='ocrx_word' id='word_1_5' title='bbox 400 303 452 358; x_wconf 71' lang='lat' dir='ltr'>(lua</span> <span class='ocrx_word' id='word_1_6' title='bbox 464 319 490 350; x_wconf 89' lang='lat' dir='ltr'>re</span> <span class='ocrx_word' id='word_1_7' title='bbox 502 308 586 350; x_wconf 87' lang='lat' dir='ltr'>auctor</span> <span class='ocrx_word' id='word_1_8' title='bbox 599 304 677 350; x_wconf 91' lang='lat' dir='ltr'>denuo</span> <span class='ocrx_word' id='word_1_9' title='bbox 690 303 719 348; x_wconf 92' lang='lat' dir='ltr'>ad</span> <span class='ocrx_word' id='word_1_10' title='bbox 732 318 805 349; x_wconf 91' lang='lat' dir='ltr'>suum</span> <span class='ocrx_word' id='word_1_11' title='bbox 819 303 897 349; x_wconf 83' lang='lat' dir='ltr'>fatum</span> 
     </span>
     <span class='ocr_line' id='line_1_3' title="bbox 99 399 895 462; baseline -0.001 -16"><span class='ocrx_word' id='word_1_12' title='bbox 99 400 229 461; x_wconf 79' lang='lat' dir='ltr'>reducitur,</span> <span class='ocrx_word' id='word_1_13' title='bbox 246 415 268 447; x_wconf 80' lang='lat' dir='ltr'>r.</span> <span class='ocrx_word' id='word_1_14' title='bbox 286 400 394 461; x_wconf 40' lang='lat' dir='ltr'>esaon</span> <span class='ocrx_word' id='word_1_15' title='bbox 421 399 447 446; x_wconf 88' lang='lat' dir='ltr'>bi</span> <span class='ocrx_word' id='word_1_16' title='bbox 472 414 558 447; x_wconf 78' lang='lat' dir='ltr'>versus</span> <span class='ocrx_word' id='word_1_17' title='bbox 583 414 663 462; x_wconf 84' lang='lat' dir='ltr'>usque</span> <span class='ocrx_word' id='word_1_18' title='bbox 689 399 718 446; x_wconf 87' lang='lat' dir='ltr'>ad</span> <span class='ocrx_word' id='word_1_19' title='bbox 742 414 840 447; x_wconf 85' lang='lat' dir='ltr'>versum</span> <span class='ocrx_word' id='word_1_20' title='bbox 866 400 895 445; x_wconf 77' lang='lat' dir='ltr'>bi</span> 
     </span>
     <span class='ocr_line' id='line_1_4' title="bbox 100 495 896 558; baseline -0.001 -15"><span class='ocrx_word' id='word_1_21' title='bbox 100 497 241 543; x_wconf 87' lang='lat' dir='ltr'>describunt</span> <span class='ocrx_word' id='word_1_22' title='bbox 271 500 354 557; x_wconf 82' lang='lat' dir='ltr'>poetae</span> <span class='ocrx_word' id='word_1_23' title='bbox 388 497 415 542; x_wconf 90' lang='lat' dir='ltr'>in</span> <span class='ocrx_word' id='word_1_24' title='bbox 439 497 551 558; x_wconf 76' lang='lat' dir='ltr'>aequales</span> <span class='ocrx_word' id='word_1_25' title='bbox 580 495 781 557; x_wconf 79' lang='lat' dir='ltr'>misericordiam3</span> <span class='ocrx_word' id='word_1_26' title='bbox 811 510 896 542; x_wconf 84' lang='lat' dir='ltr'>versus</span> 
     </span>
     <span class='ocr_line' id='line_1_5' title="bbox 100 581 896 652; baseline 0.003 -17"><span class='ocrx_word' id='word_1_27' title='bbox 100 591 199 636; x_wconf 75' lang='lat'>52—-54</span> <span class='ocrx_word' id='word_1_28' title='bbox 217 594 293 651; x_wconf 80' lang='lat' dir='ltr'>agunt</span> <span class='ocrx_word' id='word_1_29' title='bbox 311 591 339 637; x_wconf 88' lang='lat' dir='ltr'>de</span> <span class='ocrx_word' id='word_1_30' title='bbox 363 594 447 650; x_wconf 81' lang='lat' dir='ltr'>poetae</span> <span class='ocrx_word' id='word_1_31' title='bbox 471 593 548 652; x_wconf 85' lang='lat' dir='ltr'>ipsius</span> <span class='ocrx_word' id='word_1_32' title='bbox 568 590 728 651; x_wconf 76' lang='lat' dir='ltr'>passionibus.</span> <span class='ocrx_word' id='word_1_33' title='bbox 763 590 833 636; x_wconf 87' lang='lat' dir='ltr'>Hanc</span> <span class='ocrx_word' id='word_1_34' title='bbox 856 581 896 637; x_wconf 81' lang='lat' dir='ltr'>de-</span> 
     </span>
     <span class='ocr_line' id='line_1_6' title="bbox 99 684 896 745; baseline -0.001 -14"><span class='ocrx_word' id='word_1_35' title='bbox 99 685 254 745; x_wconf 83' lang='lat' dir='ltr'>scriptionem</span> <span class='ocrx_word' id='word_1_36' title='bbox 264 686 375 745; x_wconf 81' lang='lat' dir='ltr'>sequitur</span> <span class='ocrx_word' id='word_1_37' title='bbox 386 699 441 744; x_wconf 79' lang='lat' dir='ltr'>pars</span> <span class='ocrx_word' id='word_1_38' title='bbox 452 686 543 744; x_wconf 85' lang='lat' dir='ltr'>quinta,</span> <span class='ocrx_word' id='word_1_39' title='bbox 558 699 580 729; x_wconf 79' lang='lat' dir='ltr'>r.</span> <span class='ocrx_word' id='word_1_40' title='bbox 597 684 704 729; x_wconf 75' lang='lat'>55-66:</span> <span class='ocrx_word' id='word_1_41' title='bbox 718 685 791 730; x_wconf 89' lang='lat' dir='ltr'>oratio</span> <span class='ocrx_word' id='word_1_42' title='bbox 805 688 896 744; x_wconf 75' lang='lat' dir='ltr'>poetae,</span> 
     </span>
     <span class='ocr_line' id='line_1_7' title="bbox 99 779 895 847; baseline -0.001 -20"><span class='ocrx_word' id='word_1_43' title='bbox 99 780 225 827; x_wconf 85' lang='lat' dir='ltr'>continens</span> <span class='ocrx_word' id='word_1_44' title='bbox 242 794 326 841; x_wconf 84' lang='lat' dir='ltr'>preces</span> <span class='ocrx_word' id='word_1_45' title='bbox 344 779 486 847; x_wconf 42' lang='lat' dir='ltr'>airniliandi)</span> <span class='ocrx_word' id='word_1_46' title='bbox 506 780 673 842; x_wconf 77' lang='lat' dir='ltr'>certitudinem</span> <span class='ocrx_word' id='word_1_47' title='bbox 701 780 792 842; x_wconf 77' lang='lat' dir='ltr'>salutis,</span> <span class='ocrx_word' id='word_1_48' title='bbox 810 780 895 826; x_wconf 91' lang='lat' dir='ltr'>oratio-</span> 
     </span>
     <span class='ocr_line' id='line_1_8' title="bbox 98 876 392 937; baseline 0.007 -15"><span class='ocrx_word' id='word_1_49' title='bbox 98 890 154 922; x_wconf 91' lang='lat' dir='ltr'>nem</span> <span class='ocrx_word' id='word_1_50' title='bbox 170 876 251 922; x_wconf 83' lang='lat' dir='ltr'>hostes</span> <span class='ocrx_word' id='word_1_51' title='bbox 269 876 392 937; x_wconf 84' lang='lat' dir='ltr'>puniendi.</span> 
     </span>
    </p>

    <p class='ocr_par' dir='ltr' id='par_1_3' title="bbox 29 972 953 2938">
     <span class='ocr_line' id='line_1_9' title="bbox 178 972 895 1034; baseline -0.001 -15"><span class='ocrx_word' id='word_1_52' title='bbox 178 973 247 1028; x_wconf 75' lang='lat' dir='ltr'>Quod</span> <span class='ocrx_word' id='word_1_53' title='bbox 265 974 295 1019; x_wconf 91' lang='lat' dir='ltr'>ad</span> <span class='ocrx_word' id='word_1_54' title='bbox 313 978 385 1034; x_wconf 88' lang='lat' dir='ltr'>capnt</span> <span class='ocrx_word' id='word_1_55' title='bbox 403 975 515 1034; x_wconf 83' lang='lat' dir='ltr'>quartum</span> <span class='ocrx_word' id='word_1_56' title='bbox 528 973 620 1029; x_wconf 79' lang='lat' dir='ltr'>attinet,</span> <span class='ocrx_word' id='word_1_57' title='bbox 639 972 895 1018; x_wconf 87' lang='lat' dir='ltr'>acommentatoribus</span> 
     </span>
     <span class='ocr_line' id='line_1_10' title="bbox 97 1066 894 1113; baseline -0.001 -1"><span class='ocrx_word' id='word_1_58' title='bbox 97 1068 292 1113; x_wconf 82' lang='lat' dir='ltr'>animadversum</span> <span class='ocrx_word' id='word_1_59' title='bbox 312 1071 347 1113; x_wconf 88' lang='lat' dir='ltr'>est</span> <span class='ocrx_word' id='word_1_60' title='bbox 370 1066 572 1112; x_wconf 87' lang='lat' dir='ltr'>necessitudinem</span> <span class='ocrx_word' id='word_1_61' title='bbox 595 1071 618 1112; x_wconf 92' lang='lat' dir='ltr'>et</span> <span class='ocrx_word' id='word_1_62' title='bbox 638 1066 765 1113; x_wconf 80' lang='lat' dir='ltr'>verborum</span> <span class='ocrx_word' id='word_1_63' title='bbox 792 1070 815 1113; x_wconf 88' lang='lat' dir='ltr'>et</span> <span class='ocrx_word' id='word_1_64' title='bbox 841 1071 894 1112; x_wconf 88' lang='lat' dir='ltr'>sen-</span> 
     </span>
     <span class='ocr_line' id='line_1_11' title="bbox 96 1159 894 1224; baseline 0.001 -16"><span class='ocrx_word' id='word_1_65' title='bbox 96 1163 227 1209; x_wconf 89' lang='lat' dir='ltr'>tentiarum</span> <span class='ocrx_word' id='word_1_66' title='bbox 245 1163 348 1208; x_wconf 66' lang='lat' dir='ltr'>existere</span> <span class='ocrx_word' id='word_1_67' title='bbox 365 1162 428 1208; x_wconf 89' lang='lat' dir='ltr'>inter</span> <span class='ocrx_word' id='word_1_68' title='bbox 446 1162 523 1222; x_wconf 86' lang='lat' dir='ltr'>capita</span> <span class='ocrx_word' id='word_1_69' title='bbox 533 1159 558 1207; x_wconf 88' lang='grc' dir='ltr'>Π</span> <span class='ocrx_word' id='word_1_70' title='bbox 568 1164 590 1208; x_wconf 94' lang='lat' dir='ltr'>et</span> <span class='ocrx_word' id='word_1_71' title='bbox 599 1161 642 1211; x_wconf 81' lang='lat' dir='ltr'>IV.</span> <span class='ocrx_word' id='word_1_72' title='bbox 678 1163 766 1223; x_wconf 78' lang='lat' dir='ltr'>Agitur</span> <span class='ocrx_word' id='word_1_73' title='bbox 777 1164 803 1209; x_wconf 89' lang='lat' dir='ltr'>in</span> <span class='ocrx_word' id='word_1_74' title='bbox 818 1163 894 1224; x_wconf 86' lang='lat' dir='ltr'>capite</span> 
     </span>
     <span class='ocr_line' id='line_1_12' title="bbox 95 1257 908 1319; baseline 0 -15"><span class='ocrx_word' id='word_1_75' title='bbox 95 1257 133 1304; x_wconf 80' lang='lat' dir='ltr'>IV</span> <span class='ocrx_word' id='word_1_76' title='bbox 149 1259 267 1319; x_wconf 76' lang='lat' dir='ltr'>imprimis</span> <span class='ocrx_word' id='word_1_77' title='bbox 286 1258 315 1305; x_wconf 90' lang='lat' dir='ltr'>de</span> <span class='ocrx_word' id='word_1_78' title='bbox 331 1257 429 1304; x_wconf 85' lang='lat' dir='ltr'>fortuna</span> <span class='ocrx_word' id='word_1_79' title='bbox 445 1258 588 1305; x_wconf 88' lang='lat' dir='ltr'>incolarum.</span> <span class='ocrx_word' id='word_1_80' title='bbox 629 1257 752 1305; x_wconf 78' lang='lat' dir='ltr'>Diuiditur</span> <span class='ocrx_word' id='word_1_81' title='bbox 773 1262 845 1319; x_wconf 87' lang='lat' dir='ltr'>caput</span> <span class='ocrx_word' id='word_1_82' title='bbox 867 1259 908 1315; x_wconf 88' lang='lat' dir='ltr'>in</span> 
     </span>
     <span class='ocr_line' id='line_1_13' title="bbox 96 1353 894 1416; baseline -0.003 -15"><span class='ocrx_word' id='word_1_83' title='bbox 96 1358 174 1415; x_wconf 86' lang='lat' dir='ltr'>partes</span> <span class='ocrx_word' id='word_1_84' title='bbox 186 1359 245 1401; x_wconf 89' lang='lat' dir='ltr'>tres:</span> <span class='ocrx_word' id='word_1_85' title='bbox 264 1353 293 1399; x_wconf 79' lang='lat' dir='ltr'>in</span> <span class='ocrx_word' id='word_1_86' title='bbox 311 1354 388 1414; x_wconf 83' lang='lat' dir='ltr'>prima</span> <span class='ocrx_word' id='word_1_87' title='bbox 405 1357 477 1413; x_wconf 74' lang='lat' dir='ltr'>parte,</span> <span class='ocrx_word' id='word_1_88' title='bbox 494 1355 521 1398; x_wconf 88' lang='lat' dir='ltr'>in</span> <span class='ocrx_word' id='word_1_89' title='bbox 534 1353 644 1400; x_wconf 82' lang='lat' dir='ltr'>versibus</span> <span class='ocrx_word' id='word_1_90' title='bbox 654 1355 733 1399; x_wconf 82' lang='lat' dir='ltr'>i-itl</span> <span class='ocrx_word' id='word_1_91' title='bbox 753 1354 894 1416; x_wconf 76' lang='lat' dir='ltr'>explicatur,</span> 
     </span>
     <span class='ocr_line' id='line_1_14' title="bbox 96 1447 893 1509; baseline 0 -16"><span class='ocrx_word' id='word_1_92' title='bbox 96 1448 186 1509; x_wconf 87' lang='lat' dir='ltr'>quibus</span> <span class='ocrx_word' id='word_1_93' title='bbox 202 1449 379 1495; x_wconf 76' lang='lat' dir='ltr'>calamitatibus</span> <span class='ocrx_word' id='word_1_94' title='bbox 396 1448 488 1493; x_wconf 76' lang='lat' dir='ltr'>incolae</span> <span class='ocrx_word' id='word_1_95' title='bbox 506 1447 731 1507; x_wconf 77' lang='lat' dir='ltr'>Hierosolymorum</span> <span class='ocrx_word' id='word_1_96' title='bbox 751 1447 893 1506; x_wconf 72' lang='lat' dir='ltr'>sintafflicti3</span> 
     </span>
     <span class='ocr_line' id='line_1_15' title="bbox 94 1539 892 1605; baseline -0.003 -16"><span class='ocrx_word' id='word_1_97' title='bbox 94 1545 120 1589; x_wconf 88' lang='lat' dir='ltr'>in</span> <span class='ocrx_word' id='word_1_98' title='bbox 138 1547 204 1605; x_wconf 87' lang='lat' dir='ltr'>parte</span> <span class='ocrx_word' id='word_1_99' title='bbox 223 1539 302 1605; x_wconf 73' lang='lat' dir='ltr'>altera,</span> <span class='ocrx_word' id='word_1_100' title='bbox 321 1559 343 1588; x_wconf 79' lang='lat' dir='ltr'>v.</span> <span class='ocrx_word' id='word_1_101' title='bbox 364 1542 469 1603; x_wconf 75' lang='lat' dir='ltr'>li—le,</span> <span class='ocrx_word' id='word_1_102' title='bbox 487 1542 516 1589; x_wconf 88' lang='lat' dir='ltr'>de</span> <span class='ocrx_word' id='word_1_103' title='bbox 534 1544 570 1589; x_wconf 89' lang='lat' dir='ltr'>ira</span> <span class='ocrx_word' id='word_1_104' title='bbox 587 1542 633 1589; x_wconf 88' lang='lat' dir='ltr'>Dei</span> <span class='ocrx_word' id='word_1_105' title='bbox 651 1546 735 1589; x_wconf 89' lang='lat' dir='ltr'>contra</span> <span class='ocrx_word' id='word_1_106' title='bbox 752 1541 892 1601; x_wconf 67' lang='lat' dir='ltr'>Hierosoly-</span> 
     </span>
     <span class='ocr_line' id='line_1_16' title="bbox 95 1636 893 1700; baseline -0.004 -14"><span class='ocrx_word' id='word_1_107' title='bbox 95 1640 199 1686; x_wconf 90' lang='lat' dir='ltr'>mitanos</span> <span class='ocrx_word' id='word_1_108' title='bbox 218 1654 304 1686; x_wconf 77' lang='lat' dir='ltr'>oxarsa</span> <span class='ocrx_word' id='word_1_109' title='bbox 322 1638 410 1699; x_wconf 65' lang='lat' dir='ltr'>agilum</span> <span class='ocrx_word' id='word_1_110' title='bbox 428 1640 454 1684; x_wconf 93' lang='lat' dir='ltr'>in</span> <span class='ocrx_word' id='word_1_111' title='bbox 472 1640 541 1685; x_wconf 87' lang='lat' dir='ltr'>tertia</span> <span class='ocrx_word' id='word_1_112' title='bbox 553 1642 627 1700; x_wconf 72' lang='lat' dir='ltr'>parte,</span> <span class='ocrx_word' id='word_1_113' title='bbox 640 1655 662 1685; x_wconf 82' lang='lat' dir='ltr'>v.</span> <span class='ocrx_word' id='word_1_114' title='bbox 674 1640 712 1686; x_wconf 82' lang='grc'>21.</span> <span class='ocrx_word' id='word_1_115' title='bbox 723 1637 762 1697; x_wconf 76' lang='grc'>22,</span> <span class='ocrx_word' id='word_1_116' title='bbox 773 1636 893 1683; x_wconf 84' lang='lat' dir='ltr'>Edomitis</span> 
     </span>
     <span class='ocr_line' id='line_1_17' title="bbox 94 1732 892 1796; baseline 0 -16"><span class='ocrx_word' id='word_1_117' title='bbox 94 1749 172 1796; x_wconf 82' lang='lat' dir='ltr'>poena</span> <span class='ocrx_word' id='word_1_118' title='bbox 189 1735 272 1781; x_wconf 82' lang='lat' dir='ltr'>futura</span> <span class='ocrx_word' id='word_1_119' title='bbox 290 1733 434 1779; x_wconf 86' lang='lat' dir='ltr'>enuntiatur.</span> <span class='ocrx_word' id='word_1_120' title='bbox 469 1732 502 1778; x_wconf 88' lang='lat' dir='ltr'>Ut</span> <span class='ocrx_word' id='word_1_121' title='bbox 521 1733 550 1779; x_wconf 91' lang='lat' dir='ltr'>de</span> <span class='ocrx_word' id='word_1_122' title='bbox 576 1735 679 1793; x_wconf 78' lang='lat' dir='ltr'>singulis</span> <span class='ocrx_word' id='word_1_123' title='bbox 704 1735 801 1780; x_wconf 88' lang='lat' dir='ltr'>illarum</span> <span class='ocrx_word' id='word_1_124' title='bbox 819 1735 892 1780; x_wconf 87' lang='lat' dir='ltr'>trium</span> 
     </span>
     <span class='ocr_line' id='line_1_18' title="bbox 94 1828 893 1890; baseline 0 -16"><span class='ocrx_word' id='word_1_125' title='bbox 94 1831 198 1890; x_wconf 83' lang='lat' dir='ltr'>partium</span> <span class='ocrx_word' id='word_1_126' title='bbox 223 1828 296 1874; x_wconf 90' lang='lat' dir='ltr'>rebus</span> <span class='ocrx_word' id='word_1_127' title='bbox 321 1842 428 1888; x_wconf 83' lang='lat' dir='ltr'>agamus,</span> <span class='ocrx_word' id='word_1_128' title='bbox 453 1828 479 1872; x_wconf 93' lang='lat' dir='ltr'>in</span> <span class='ocrx_word' id='word_1_129' title='bbox 503 1828 615 1874; x_wconf 80' lang='lat' dir='ltr'>versibus</span> <span class='ocrx_word' id='word_1_130' title='bbox 635 1829 656 1875; x_wconf 87' lang='grc'>1.</span> <span class='ocrx_word' id='word_1_131' title='bbox 676 1830 689 1873; x_wconf 83' lang='grc'><em>2</em></span> <span class='ocrx_word' id='word_1_132' title='bbox 708 1833 790 1874; x_wconf 89' lang='lat' dir='ltr'>narrat</span> <span class='ocrx_word' id='word_1_133' title='bbox 816 1832 893 1888; x_wconf 83' lang='lat' dir='ltr'>poeta⁷</span> 
     </span>
     <span class='ocr_line' id='line_1_19' title="bbox 93 1922 892 1985; baseline 0 -15"><span class='ocrx_word' id='word_1_134' title='bbox 93 1923 156 1970; x_wconf 84' lang='lat' dir='ltr'>filios</span> <span class='ocrx_word' id='word_1_135' title='bbox 174 1923 261 1984; x_wconf 80' lang='lat' dir='ltr'>Sionis,</span> <span class='ocrx_word' id='word_1_136' title='bbox 277 1922 399 1985; x_wconf 86' lang='lat' dir='ltr'>lapidibus</span> <span class='ocrx_word' id='word_1_137' title='bbox 420 1923 530 1984; x_wconf 85' lang='lat' dir='ltr'>pretiosis</span> <span class='ocrx_word' id='word_1_138' title='bbox 547 1935 624 1985; x_wconf 73' lang='lat' dir='ltr'>pares</span> <span class='ocrx_word' id='word_1_139' title='bbox 645 1923 778 1984; x_wconf 79' lang='lat' dir='ltr'>ignominia</span> <span class='ocrx_word' id='word_1_140' title='bbox 796 1923 892 1970; x_wconf 84' lang='lat' dir='ltr'>affectos</span> 
     </span>
     <span class='ocr_line' id='line_1_20' title="bbox 95 2019 892 2082; baseline 0 -17"><span class='ocrx_word' id='word_1_141' title='bbox 95 2033 157 2082; x_wconf 73' lang='lat' dir='ltr'>esse3</span> <span class='ocrx_word' id='word_1_142' title='bbox 176 2021 202 2065; x_wconf 91' lang='lat' dir='ltr'>in</span> <span class='ocrx_word' id='word_1_143' title='bbox 219 2034 293 2066; x_wconf 86' lang='lat' dir='ltr'>versu</span> <span class='ocrx_word' id='word_1_144' title='bbox 319 2019 388 2065; x_wconf 89' lang='lat' dir='ltr'>tertio</span> <span class='ocrx_word' id='word_1_145' title='bbox 411 2019 521 2079; x_wconf 86' lang='lat' dir='ltr'>sequitur</span> <span class='ocrx_word' id='word_1_146' title='bbox 545 2020 663 2066; x_wconf 89' lang='lat' dir='ltr'>sententia</span> <span class='ocrx_word' id='word_1_147' title='bbox 688 2020 815 2080; x_wconf 78' lang='lat' dir='ltr'>generalis,</span> <span class='ocrx_word' id='word_1_148' title='bbox 840 2020 892 2080; x_wconf 86' lang='lat' dir='ltr'>lupi</span> 
     </span>
     <span class='ocr_line' id='line_1_21' title="bbox 94 2113 892 2175; baseline 0.001 -15"><span class='ocrx_word' id='word_1_149' title='bbox 94 2114 159 2160; x_wconf 84' lang='lat' dir='ltr'>sitim</span> <span class='ocrx_word' id='word_1_150' title='bbox 187 2113 285 2175; x_wconf 74' lang='lat' dir='ltr'>explent</span> <span class='ocrx_word' id='word_1_151' title='bbox 314 2128 408 2173; x_wconf 73' lang='lat' dir='ltr'>eorum,</span> <span class='ocrx_word' id='word_1_152' title='bbox 437 2127 499 2173; x_wconf 87' lang='lat' dir='ltr'>quae</span> <span class='ocrx_word' id='word_1_153' title='bbox 527 2118 664 2174; x_wconf 78' lang='lat' dir='ltr'>procreant3</span> <span class='ocrx_word' id='word_1_154' title='bbox 694 2119 782 2161; x_wconf 89' lang='lat' dir='ltr'>matres</span> <span class='ocrx_word' id='word_1_155' title='bbox 807 2115 892 2175; x_wconf 83' lang='lat' dir='ltr'>populi</span> 
     </span>
     <span class='ocr_line' id='line_1_22' title="bbox 92 2208 890 2266; baseline 0 -12"><span class='ocrx_word' id='word_1_156' title='bbox 92 2208 191 2255; x_wconf 87' lang='lat' dir='ltr'>Israelis</span> <span class='ocrx_word' id='word_1_157' title='bbox 208 2209 233 2255; x_wconf 84' lang='lat' dir='ltr'>id</span> <span class='ocrx_word' id='word_1_158' title='bbox 251 2224 301 2256; x_wconf 92' lang='lat' dir='ltr'>non</span> <span class='ocrx_word' id='word_1_159' title='bbox 318 2209 420 2266; x_wconf 73' lang='lat' dir='ltr'>faciunt3</span> <span class='ocrx_word' id='word_1_160' title='bbox 439 2209 465 2253; x_wconf 91' lang='lat' dir='ltr'>in</span> <span class='ocrx_word' id='word_1_161' title='bbox 483 2209 594 2255; x_wconf 78' lang='lat' dir='ltr'>versibus</span> <span class='ocrx_word' id='word_1_162' title='bbox 611 2212 628 2254; x_wconf 75' lang='lat'>4</span> <span class='ocrx_word' id='word_1_163' title='bbox 645 2214 668 2256; x_wconf 90' lang='lat' dir='ltr'>et</span> <span class='ocrx_word' id='word_1_164' title='bbox 686 2210 700 2254; x_wconf 83' lang='grc'>5</span> <span class='ocrx_word' id='word_1_165' title='bbox 718 2210 815 2256; x_wconf 87' lang='lat' dir='ltr'>fortuna</span> <span class='ocrx_word' id='word_1_166' title='bbox 831 2208 890 2254; x_wconf 89' lang='lat' dir='ltr'>libe-</span> 
     </span>
     <span class='ocr_line' id='line_1_23' title="bbox 92 2304 892 2366; baseline 0.003 -17"><span class='ocrx_word' id='word_1_167' title='bbox 92 2317 176 2349; x_wconf 89' lang='lat' dir='ltr'>rorum</span> <span class='ocrx_word' id='word_1_168' title='bbox 199 2304 348 2364; x_wconf 77' lang='lat' dir='ltr'>describitur,</span> <span class='ocrx_word' id='word_1_169' title='bbox 370 2305 395 2349; x_wconf 94' lang='lat' dir='ltr'>in</span> <span class='ocrx_word' id='word_1_170' title='bbox 422 2317 496 2350; x_wconf 84' lang='lat' dir='ltr'>versu</span> <span class='ocrx_word' id='word_1_171' title='bbox 523 2306 590 2351; x_wconf 75' lang='lat' dir='ltr'>serto</span> <span class='ocrx_word' id='word_1_172' title='bbox 618 2307 686 2366; x_wconf 85' lang='lat' dir='ltr'>quasi</span> <span class='ocrx_word' id='word_1_173' title='bbox 713 2306 792 2352; x_wconf 78' lang='lat' dir='ltr'>exitus</span> <span class='ocrx_word' id='word_1_174' title='bbox 818 2305 892 2351; x_wconf 89' lang='lat' dir='ltr'>buius</span> 
     </span>
     <span class='ocr_line' id='line_1_24' title="bbox 93 2398 890 2463; baseline 0 -17"><span class='ocrx_word' id='word_1_175' title='bbox 93 2402 169 2446; x_wconf 88' lang='lat' dir='ltr'>status</span> <span class='ocrx_word' id='word_1_176' title='bbox 204 2400 390 2447; x_wconf 87' lang='lat' dir='ltr'>demonstratur:</span> <span class='ocrx_word' id='word_1_177' title='bbox 418 2398 588 2459; x_wconf 87' lang='lat' dir='ltr'>Hierosolyma</span> <span class='ocrx_word' id='word_1_178' title='bbox 614 2406 670 2448; x_wconf 91' lang='lat' dir='ltr'>suut</span> <span class='ocrx_word' id='word_1_179' title='bbox 703 2403 785 2463; x_wconf 87' lang='lat' dir='ltr'>peiora</span> <span class='ocrx_word' id='word_1_180' title='bbox 818 2415 890 2461; x_wconf 84' lang='lat' dir='ltr'>quam</span> 
     </span>
     <span class='ocr_line' id='line_1_25' title="bbox 92 2477 953 2557; baseline 0 -16"><span class='ocrx_word' id='word_1_181' title='bbox 92 2494 202 2541; x_wconf 77' lang='lat' dir='ltr'>Sodoma.</span> <span class='ocrx_word' id='word_1_182' title='bbox 239 2496 269 2541; x_wconf 82' lang='lat' dir='ltr'>ln</span> <span class='ocrx_word' id='word_1_183' title='bbox 287 2495 399 2542; x_wconf 76' lang='lat' dir='ltr'>uersibus</span> <span class='ocrx_word' id='word_1_184' title='bbox 426 2496 514 2541; x_wconf 75' lang='lat' dir='ltr'>reta</span> <span class='ocrx_word' id='word_1_185' title='bbox 538 2496 642 2556; x_wconf 76' lang='lat' dir='ltr'>explicat</span> <span class='ocrx_word' id='word_1_186' title='bbox 668 2501 751 2557; x_wconf 53' lang='lat' dir='ltr'>poetas</span> <span class='ocrx_word' id='word_1_187' title='bbox 769 2477 891 2557; x_wconf 86' lang='lat' dir='ltr'>principes</span> <span class='ocrx_word' id='word_1_188' title='bbox 951 2532 953 2535; x_wconf 88' lang='lat'><em>.</em></span> 
     </span>
     <span class='ocr_line' id='line_1_26' title="bbox 92 2588 888 2651; baseline 0.003 -17"><span class='ocrx_word' id='word_1_189' title='bbox 92 2588 177 2650; x_wconf 70' lang='lat' dir='ltr'>urbis,</span> <span class='ocrx_word' id='word_1_190' title='bbox 204 2591 349 2638; x_wconf 87' lang='lat' dir='ltr'>clarissimos</span> <span class='ocrx_word' id='word_1_191' title='bbox 380 2592 455 2651; x_wconf 69' lang='lat' dir='ltr'>viros,</span> <span class='ocrx_word' id='word_1_192' title='bbox 482 2592 597 2638; x_wconf 85' lang='lat' dir='ltr'>dedecore</span> <span class='ocrx_word' id='word_1_193' title='bbox 627 2605 679 2638; x_wconf 91' lang='lat' dir='ltr'>esse</span> <span class='ocrx_word' id='word_1_194' title='bbox 708 2592 888 2637; x_wconf 89' lang='lat' dir='ltr'>contaminatos.</span> 
     </span>
     <span class='ocr_line' id='line_1_27' title="bbox 29 2684 890 2747; baseline 0.002 -17"><span class='ocrx_word' id='word_1_195' title='bbox 29 2708 30 2711; x_wconf 59' lang='lat'><em>=</em></span> <span class='ocrx_word' id='word_1_196' title='bbox 91 2684 184 2731; x_wconf 87' lang='lat' dir='ltr'>Versus</span> <span class='ocrx_word' id='word_1_197' title='bbox 202 2700 282 2732; x_wconf 91' lang='lat' dir='ltr'>nonus</span> <span class='ocrx_word' id='word_1_198' title='bbox 308 2687 415 2733; x_wconf 89' lang='lat' dir='ltr'>continet</span> <span class='ocrx_word' id='word_1_199' title='bbox 432 2688 584 2745; x_wconf 81' lang='lat' dir='ltr'>sententiam,</span> <span class='ocrx_word' id='word_1_200' title='bbox 602 2686 681 2747; x_wconf 85' lang='lat' dir='ltr'>gladio</span> <span class='ocrx_word' id='word_1_201' title='bbox 709 2686 786 2732; x_wconf 91' lang='lat' dir='ltr'>occidi</span> <span class='ocrx_word' id='word_1_202' title='bbox 803 2686 890 2732; x_wconf 84' lang='lat' dir='ltr'>melius</span> 
     </span>
     <span class='ocr_line' id='line_1_28' title="bbox 91 2779 889 2845; baseline 0 -18"><span class='ocrx_word' id='word_1_203' title='bbox 91 2794 143 2827; x_wconf 87' lang='lat' dir='ltr'>esse</span> <span class='ocrx_word' id='word_1_204' title='bbox 162 2796 235 2843; x_wconf 84' lang='lat' dir='ltr'>quam</span> <span class='ocrx_word' id='word_1_205' title='bbox 252 2780 315 2828; x_wconf 86' lang='lat' dir='ltr'>lame</span> <span class='ocrx_word' id='word_1_206' title='bbox 332 2783 417 2844; x_wconf 77' lang='lat' dir='ltr'>perire,</span> <span class='ocrx_word' id='word_1_207' title='bbox 435 2799 456 2829; x_wconf 83' lang='lat' dir='ltr'>v.</span> <span class='ocrx_word' id='word_1_208' title='bbox 477 2783 506 2828; x_wconf 80' lang='lat'>10</span> <span class='ocrx_word' id='word_1_209' title='bbox 533 2783 611 2845; x_wconf 82' lang='lat' dir='ltr'>agitur</span> <span class='ocrx_word' id='word_1_210' title='bbox 638 2782 667 2829; x_wconf 90' lang='lat' dir='ltr'>de</span> <span class='ocrx_word' id='word_1_211' title='bbox 691 2782 794 2828; x_wconf 87' lang='lat' dir='ltr'>miseriis</span> <span class='ocrx_word' id='word_1_212' title='bbox 811 2779 889 2827; x_wconf 84' lang='lat' dir='ltr'>inlan-</span> 
     </span>
     <span class='ocr_line' id='line_1_29' title="bbox 91 2877 888 2938; baseline 0 -16"><span class='ocrx_word' id='word_1_213' title='bbox 91 2877 159 2923; x_wconf 88' lang='lat' dir='ltr'>tium.</span> <span class='ocrx_word' id='word_1_214' title='bbox 207 2878 322 2938; x_wconf 80' lang='lat' dir='ltr'>Sequitur</span> <span class='ocrx_word' id='word_1_215' title='bbox 357 2878 382 2922; x_wconf 92' lang='lat' dir='ltr'>in</span> <span class='ocrx_word' id='word_1_216' title='bbox 408 2877 520 2924; x_wconf 88' lang='lat' dir='ltr'>versibus</span> <span class='ocrx_word' id='word_1_217' title='bbox 559 2877 656 2922; x_wconf 81' lang='lat'>11-20</span> <span class='ocrx_word' id='word_1_218' title='bbox 687 2891 741 2937; x_wconf 89' lang='lat' dir='ltr'>pars</span> <span class='ocrx_word' id='word_1_219' title='bbox 771 2878 888 2935; x_wconf 79' lang='lat' dir='ltr'>secunda3</span> 
     </span>
    </p>
   </div>
   <div class='ocr_carea' id='block_1_3' title="bbox 90 2971 890 3032">
    <p class='ocr_par' dir='ltr' id='par_1_4' title="bbox 90 2971 890 3032">
     <span class='ocr_line' id='line_1_30' title="bbox 90 2971 890 3032; baseline 0.001 -16"><span class='ocrx_word' id='word_1_220' title='bbox 90 2987 112 3018; x_wconf 82' lang='lat' dir='ltr'>v.</span> <span class='ocrx_word' id='word_1_221' title='bbox 143 2972 173 3017; x_wconf 82' lang='lat' dir='ltr'>li</span> <span class='ocrx_word' id='word_1_222' title='bbox 200 2974 236 3019; x_wconf 90' lang='lat' dir='ltr'>ira</span> <span class='ocrx_word' id='word_1_223' title='bbox 262 2972 308 3019; x_wconf 90' lang='lat' dir='ltr'>Dei</span> <span class='ocrx_word' id='word_1_224' title='bbox 333 2974 360 3018; x_wconf 89' lang='lat' dir='ltr'>in</span> <span class='ocrx_word' id='word_1_225' title='bbox 386 2971 482 3020; x_wconf 76' lang='lat' dir='ltr'>Sionem</span> <span class='ocrx_word' id='word_1_226' title='bbox 507 2987 593 3020; x_wconf 74' lang='lat' dir='ltr'>exarsa</span> <span class='ocrx_word' id='word_1_227' title='bbox 620 2977 665 3032; x_wconf 73' lang='lat' dir='ltr'>est3</span> <span class='ocrx_word' id='word_1_228' title='bbox 697 2987 718 3018; x_wconf 80' lang='lat' dir='ltr'>r.</span> <span class='ocrx_word' id='word_1_229' title='bbox 747 2973 777 3018; x_wconf 82' lang='grc'>12</span> <span class='ocrx_word' id='word_1_230' title='bbox 803 2971 890 3018; x_wconf 89' lang='lat' dir='ltr'>Hiero-</span> 
     </span>
    </p>
   </div>
   <div class='ocr_carea' id='block_1_4' title="bbox 0 0 1004 3369">
    <p class='ocr_par' dir='ltr' id='par_1_5' title="bbox 0 0 1004 3369">
     <span class='ocr_line' id='line_1_31' title="bbox 0 0 1004 3369; baseline 0 2"><span class='ocrx_word' id='word_1_231' title='bbox 0 0 1004 3369; x_wconf 95' lang='lat' dir='ltr'> </span> 
     </span>
    </p>
   </div>
  </div>
 </body>
</html>
