1999 3369
515 160 545 206 16

131 307 193 351 mus,
223 293 401 352 respiciendum
430 291 500 338 uobis
529 297 571 350 est,
601 309 646 342 nos
671 295 716 341 lioc
741 296 794 341 loco
819 296 929 343 invenire

130 387 223 448 poesin,
250 402 313 448 quae
341 402 391 434 non
417 389 509 448 spectat
538 388 568 433 ad
593 390 752 449 quantitatem
779 390 929 450 syllabarum

131 496 211 543 neque
230 484 383 543 cognoscitur
401 497 431 529 er
449 485 524 528 metro
543 482 632 545 aliquo,
649 483 691 530 sed
710 498 772 545 quae
790 488 881 546 spectat
898 485 929 531 ad

130 591 260 624 numerum
272 581 296 624 et
308 580 462 640 cognoscitur
474 592 505 624 ex
521 578 667 637 syllabarum
681 594 788 626 numero.
805 579 928 627 Numerus

130 662 215 719 autem*
235 673 261 718 iu
284 673 350 733 poesi
376 672 488 719 hebraica
514 688 564 719 nou
589 675 623 722 ita
644 674 839 736 interpretandus
856 674 926 722 nobis

124 774 172 830 est,
199 772 226 814 ut
252 768 282 814 sit
306 768 442 814 consecutio
473 768 621 828 syllabarum
652 782 711 815 sono
739 771 926 829 enuntiatarum,

131 878 192 924 quae
209 867 264 925 post
282 866 346 909 certa
362 864 426 909 inter
451 877 477 910 se
504 865 624 925 comparia
640 863 768 910 intervalla
786 865 837 911 sive
853 864 925 926 longa

129 960 179 1005 sive
206 958 288 1004 brevia
315 959 435 1020 repetitur.
479 958 541 1005 Nam
568 963 595 1006 ut
615 959 670 1005 talis
688 960 825 1006 consecutio
844 959 925 1007 obser-

128 1059 205 1112 vetur,
222 1055 359 1101 necessaria
377 1057 413 1099 est
429 1037 566 1099 numeratio
586 1054 741 1114 syllabarum,
769 1069 816 1115 qua
842 1068 923 1101 carere

126 1152 209 1212 poesin
227 1149 364 1196 hebraicam
382 1148 479 1194 taudem
496 1149 521 1195 in
535 1151 642 1196 animum
653 1149 768 1196 inducere
781 1148 924 1212 debemusl)

126 1245 211 1306 ltaque
237 1257 366 1290 numerum
391 1247 486 1290 tantum
512 1245 546 1291 sio
571 1246 724 1305 interpretari
750 1243 873 1305 debemus,
896 1250 923 1291 ut

126 1339 234 1399 syllabae
252 1340 338 1399 adsint,
355 1353 416 1399 quae
434 1353 492 1385 sono
511 1339 676 1398 enuntiantur3
696 1339 831 1386 secundum
849 1354 922 1401 quam

124 1436 203 1497 legem
227 1449 268 1481 eae
295 1434 402 1494 syllabae
428 1448 486 1480 sono
513 1435 676 1494 enuntientur,
701 1435 852 1496 ignoramus,
875 1435 922 1481 nisi

127 1531 283 1577 contradictio
309 1531 336 1576 in
360 1530 451 1575 adiecto
472 1529 542 1575 nobis
560 1528 686 1591 opprobrio
713 1529 815 1589 daretur,
843 1530 921 1577 dicere

126 1626 245 1673 vellemus
262 1627 288 1671 in
305 1625 372 1686 poesi
389 1624 501 1671 hebraica
512 1624 583 1670 modo
597 1625 698 1670 existere
716 1617 806 1684 ἄνομον
820 1621 921 1688 ῥυθμὸν.

205 1723 349 1784 Compositio
368 1721 488 1783 quaedam
500 1721 649 1780 syllabarum
665 1737 725 1768 sono
738 1724 921 1784 enuntiatarum,

123 1820 263 1865 nominatur
280 1819 344 1864 linea
361 1830 491 1863 numerosa
509 1817 548 1862 vel
565 1830 659 1865 versus.
696 1816 787 1864 Versus
806 1818 921 1864 dividitur

122 1914 148 1959 in
166 1914 228 1973 cola,
248 1928 309 1975 quae
326 1908 453 1974 caesuris2>
465 1901 646 1960 construuntur.
681 1911 791 1971 Systema
805 1927 920 1960 versuum

121 2010 261 2055 nominatur
278 2007 404 2070 stropha.³)

202 2141 222 2190 1)
235 2140 267 2178 Ex
282 2152 304 2179 eo
320 2139 372 2188 quod
386 2138 406 2177 in
420 2137 523 2177 nonnullis
541 2137 623 2189 psalmis
638 2149 707 2177 versus
720 2131 850 2179 intercalares
863 2139 918 2179 inve·

121 2223 193 2272 ninius,
210 2233 250 2260 non
265 2221 354 2260 absolute
369 2220 486 2261 concludere
501 2218 603 2270 debemus,
617 2220 703 2258 metrum
717 2221 815 2260 exstitisse
829 2221 850 2259 in
864 2222 920 2271 poesi

121 2304 221 2344 hebraica.
256 2302 295 2342 Sed
315 2303 333 2342 si
353 2303 440 2341 metrum
460 2301 568 2350 exstiterit,
589 2283 654 2339 adhuc
675 2302 727 2341 certe
749 2301 807 2342 nobis
829 2302 918 2354 incogni-

119 2391 162 2425 tum
176 2387 213 2425 est.

201 2472 221 2523 2)
235 2472 274 2510 Hic
289 2482 369 2522 quoque
383 2471 481 2511 terminus
494 2470 517 2509 in
537 2469 593 2520 poesi
612 2468 706 2508 hebraica
726 2468 786 2508 aliam
800 2469 861 2509 habet
873 2471 918 2511 vim

118 2557 180 2606 atque
194 2554 215 2593 in
228 2554 285 2604 poesi
300 2554 375 2593 Graeca
392 2556 413 2592 et
426 2553 522 2600 Romana,
544 2551 595 2590 nihil
616 2551 669 2590 enim
690 2549 791 2600 significat
812 2552 853 2591 nisi
875 2564 917 2592 cac-

117 2648 184 2676 suram
198 2647 274 2676 SQHSUS.

197 2737 218 2788 3)
234 2735 399 2777 Commendabile
414 2739 450 2786 est,
465 2736 497 2775 his
511 2735 603 2776 terminis
617 2747 696 2785 semper
710 2735 753 2785 uti;
777 2746 816 2785 qua
829 2746 851 2774 re
865 2735 916 2774 mul-

118 2820 184 2859 titudo
208 2819 263 2859 varia
278 2821 308 2858 'et
331 2819 452 2869 permutatio
476 2831 501 2858 ex
523 2817 606 2858 libidine
628 2818 681 2857 lacta
695 2816 825 2856 terminorum
840 2817 915 2856 aviris

116 2902 180 2941 doctis
207 2902 314 2942 electorum
338 2902 442 2950 vitaretur,
465 2914 482 2941 e.
506 2914 524 2951 g.
544 2899 631 2940 Eualdii
652 2897 915 2949 ,‚Wendenabtheilungen“

116 2985 171 3035 apud
186 2984 236 3024 alios
250 2985 298 3024 sunt
313 2982 445 3033 ‚,Strophen“;
460 2983 503 3022 eius
514 2981 673 3034 „Langglieder“
684 2981 737 3032 apud
746 2980 915 3021 Wiedenfeldium
940 3019 942 3021 ,
