1999 3369
438 201 570 247 19-

36 400 38 402 ,
133 333 160 379 In
182 334 257 394 eapite
279 337 364 395 queue
394 348 442 379 uno
472 348 545 380 versu
568 333 597 379 15
623 333 776 395 offendimur,
802 333 849 380 fer-

51 431 115 475 Iasse
136 415 289 489 eoruipiiene
310 431 399 476 terius.
439 428 542 475 Omnino
563 443 650 491 graves
673 432 731 475 sunt
752 444 847 476 versus:

51 524 90 584 sb,
110 516 162 584 135,
177 524 235 585 rib,
254 524 309 572 reb.

130 618 246 666 Buddeus
259 623 368 666 nestrum
382 634 480 667 versum
492 622 602 667 nomIneI
617 620 677 680 „den
690 619 847 681 speeifisehen

51 709 251 785 XIegeliedvers‘s
264 715 373 777 (ZATW,
391 717 462 778 1883,
479 716 511 775 II,
528 723 551 778 Ι.
572 715 636 779 301).

130 811 178 858 Hie
198 827 282 859 versus
303 812 329 858 in
349 813 382 859 iis
400 812 556 874 carminibus,
579 827 640 874 quae
661 814 687 859 in
705 825 745 858 ere
763 812 847 873 popuii

49 911 113 969 suni,
131 909 237 968 antiquis
255 907 401 968 temporibus
419 909 543 954 inveniuu·

41 1003 154 1065 exempli
170 1005 255 1066 gratie:

169 1099 228 1146 Gen.
246 1097 290 1159 IV,
309 1099 347 1146 23.
367 1099 405 1146 24.

167 1194 242 1256 Regn.
262 1213 278 1240 α
295 1192 388 1250 XVIII,
407 1194 428 1238 7.

166 1290 213 1335 Isa.
232 1288 328 1336 XXIII.
348 1289 385 1336 15.

127 1384 156 1430 In
173 1385 345 1451 Iumentatieue
362 1383 463 1431 Davidis
481 1386 507 1430 in
524 1384 642 1430 Ionathnn
660 1384 723 1430 feste
740 1399 790 1430 uon
807 1385 843 1430 in-

46 1481 149 1539 venitur,
163 1481 227 1541 quud
237 1453 352 1527 Buddeus
364 1495 414 1526 non
425 1480 524 1526 feliciter
539 1480 659 1541 explicere
671 1480 729 1525 mihi
740 1480 841 1528 videtur.

125 1578 154 1624 In
173 1577 284 1638 operibus
302 1578 448 1640 propheIIeis
466 1592 552 1625 versus
569 1578 652 1624 lectori
670 1579 782 1624 occurrit:

166 1675 226 1722 Osee
244 1674 285 1733 VI,
305 1674 325 1719 V.

164 1773 240 1817 Amos
258 1769 287 1828 V,
308 1771 329 1817 I.
350 1768 415 1829 VIII,
435 1769 471 1814 10.
551 1804 553 1806 .

163 1867 209 1914 Ise.
227 1866 246 1926 I,
265 1866 303 1911 21.

163 1962 210 2009 Isa.
228 1960 312 2022 XXII,
331 1963 352 2008 3.
370 1962 394 2007 1.

165 2058 226 2105 And.
245 2057 268 2103 6.
287 2057 308 2103 V.
328 2057 432 2104 12—14.

162 2153 207 2201 Ier.
221 2152 266 2213 IX,
285 2154 340 2200 120.
356 2154 395 2201 21.
412 2151 496 2213 XXII,
516 2152 537 2199 6.
552 2153 573 2198 V.
587 2152 693 2222 21523.
708 2150 804 2209 XXXI,
817 2152 839 2200 6.

195 2247 341 2309 XXXVIII,
361 2249 398 2295 22.
416 2247 530 2308 XLVIII,
544 2249 581 2294 18.
595 2249 634 2295 19.
652 2246 716 2309 XIL,
733 2247 839 2295 14—16.

196 2347 233 2391 25.
249 2344 288 2393 31.

41 2441 43 2445 ’
120 2441 180 2489 Tum
197 2443 223 2488 In
241 2446 321 2489 nostre
340 2441 478 2488 threnorum
496 2440 564 2487 libre.

161 2537 252 2585 Deinde
270 2538 312 2584 En.
329 2536 400 2599 XIX,
412 2537 499 2585 1-11.
518 2537 611 2598 XXVI,
626 2537 664 2585 ir.
678 2538 715 2583 18.
731 2536 838 2591 XXVII,

194 2636 249 2683 155.
267 2633 387 2695 XXVIII,
407 2634 443 2680 18.
463 2634 500 2680 19.
522 2632 605 2695 XXII,
624 2633 658 2679 1-
674 2633 711 2679 16.
732 2633 837 2682 17-32.

40 2728 88 2776 Sed
101 2730 196 2777 Buddei
213 2735 318 2778 metrum
335 2733 362 2777 in
379 2730 491 2786 rensibus
510 2731 593 2792 eapitis
607 2728 711 2776 XXXII
723 2730 766 2776 vix
784 2744 837 2791 eog-

146 2891 147 2894 ,
193 2808 262 2895 nesci
278 2831 363 2890 petest.

147 2910 246 2971 ¹inem
256 2924 288 2985 u,
305 2926 326 2970 4.

157 3019 204 3068 Isa.
223 3019 290 3081 XIV,
308 3022 397 3068 4-21.
