1999 3369
442 124 502 203 ri'

58 289 104 334 viri
131 287 263 336 doctissimi
289 289 359 336 nobis
382 292 482 336 minime
507 290 645 352 probantur.
683 288 746 335 Nam
772 304 857 336 versus

58 386 131 431 huius
156 386 240 446 capitis
270 384 466 432 artificiosissime
493 387 623 432 constructi
659 373 724 433 sunt.
769 386 856 447 Itaque

57 485 121 528 recte
138 480 256 528 Reussius
274 481 332 527 haec
350 481 423 527 rerba
441 480 506 527 fecit:
526 481 558 528 Es
576 482 607 528 ist
625 496 655 527 an
674 481 712 528 die
724 481 796 528 Steile
816 482 857 528 der

59 577 326 637 Buchstabenordnung
344 577 381 623 die
400 578 525 623 Assonanz
551 580 666 638 getreten,
691 577 748 623 oder
774 577 856 637 (menn

58 689 114 720 man
132 687 158 719 so
185 687 257 734 sager
284 670 343 735 will)
369 673 410 719 der
427 672 632 732 unregelmatssige
651 671 726 731 Reim,
748 673 790 719 der
808 688 855 719 uns

57 768 138 817 cernat
164 768 281 829 hogegnet
308 767 341 829 (u,
368 783 409 829 uu,
435 782 490 828 anu³
511 769 561 829 inu,
589 783 643 828 enu,
670 767 754 830 unu).“
791 767 857 823 Quae

60 879 114 910 cum
132 864 165 909 ita
183 865 238 922 sint,
260 865 384 924 cognoscis
412 868 534 910 auctorem
560 878 641 925 neque
668 865 745 910 otium
771 879 857 910 versus

59 958 185 1006 artificiose
204 959 359 1005 construendi
377 959 492 1005 defecisse
513 966 536 1006 et
561 961 628 1005 itiam
654 935 858 1007 constructionem

60 1054 213 1102 artificiosam
231 1031 366 1114 argumenti
391 1055 429 1101 vei
453 1056 567 1102 orationis
591 1070 664 1101 caiisa
690 1057 790 1102 minime
816 1069 858 1101 ne·
879 1038 881 1041 ι

58 1152 172 1214 glenisse.
207 1149 337 1210 Negotium
354 1151 430 1211 igitur
447 1150 486 1196 vei
513 1151 643 1212 scrupulus
663 1152 760 1212 quidam
779 1151 859 1197 ordini

59 1246 207 1308 alphabetico
226 1246 345 1291 contraria
362 1246 436 1292 fuisse
450 1260 520 1291 nemo
540 1248 584 1292 erit
597 1248 640 1307 qui
658 1248 751 1293 sentiat.
787 1245 857 1301 Quod

59 1345 139 1388 autem
157 1341 275 1388 Buddeus
293 1339 396 1399 (ZATW
415 1341 486 1397 1882,
505 1340 523 1400 Ι,
541 1358 563 1403 p.
583 1341 625 1405 45)
654 1343 795 1403 quaestioni,
815 1357 859 1388 cur

62 1438 88 1482 in
102 1436 178 1496 capite
198 1437 281 1497 quinto
294 1450 342 1481 non
354 1436 431 1482 forma
448 1437 634 1496 iamentationis,
653 1452 714 1497 quae
734 1438 759 1483 in
778 1437 859 1498 capiti-

64 1532 111 1578 bus
128 1531 217 1591 I—IV‚
236 1530 342 1577 adhibita
359 1533 397 1592 sit,
415 1533 449 1578 sic
466 1532 601 1592 respondet
622 1535 717 1592 poetam
744 1546 796 1578 eam
813 1531 859 1577 for-

62 1641 125 1672 mam
146 1628 306 1673 necessariam
327 1641 376 1673 non
402 1641 453 1673 esse
482 1631 586 1688 putasse,
612 1627 676 1688 quod
700 1631 772 1688 caput
796 1626 859 1671 iliud

48 1722 256 1767 *iamentationem
283 1736 332 1767 nou
359 1724 486 1783 contineat,
516 1723 545 1768 ad
575 1727 648 1784 caput
677 1724 775 1769 tertium
803 1736 858 1767 eum

61 1817 210 1877 adducimus,
230 1817 301 1879 quod.
320 1820 347 1863 ut
358 1819 435 1878 ipsius
452 1817 533 1865 verbis
552 1823 611 1878 utar,
629 1820 684 1878 „ein
701 1819 757 1864 weit
775 1830 859 1877 vorge-

61 1913 201 1961 schrittenes
223 1912 332 1959 Stadium
354 1914 395 1959 der
413 1912 613 1975 Uebertragung“
633 1913 736 1974 praebet.
773 1912 859 1973 Itaque

61 2009 81 2054 si
93 2009 241 2069 respicimus
260 2022 387 2064 conexum,
404 2010 446 2070 qui
466 2009 594 2055 intercedit
612 2011 675 2054 inter
688 2015 859 2070 argumentum

51 2104 146 2164 vcapitis
168 2103 186 2149 V
212 2107 236 2150 et
262 2108 431 2165 argumentum
451 2105 555 2166 capitum
574 2104 663 2163 I—iV‚
681 2104 743 2150 nihii
759 2103 860 2165 impedit

62 2199 193 2259 quominus
210 2202 279 2260 poeta
303 2201 373 2246 otiam
391 2202 418 2246 in
436 2204 517 2247 nostro
538 2202 614 2261 capite
641 2209 737 2246 versum
767 2199 859 2244 iamen-

62 2295 159 2340 tationis
185 2294 297 2342 adhibere
323 2297 434 2356 potuerit.
453 2295 521 2341 Haec
539 2296 664 2342 hactenus.

141 2391 213 2438 Nunc
232 2405 331 2451 agamus
351 2392 378 2437 de
400 2395 522 2438 structura
543 2393 617 2437 buius
641 2405 726 2437 versus
744 2390 860 2436 tamenta-

60 2489 141 2535 tionis.

142 2581 233 2629 Versus
250 2584 422 2629 massoreticus
440 2584 466 2628 in
485 2582 602 2643 capitibus
620 2580 633 2627 Ι
651 2584 673 2627 et
690 2579 717 2626 Π
733 2582 758 2626 in
771 2583 862 2640 ternas,

63 2679 88 2723 in
107 2679 183 2739 capite
199 2678 237 2724 IV
254 2679 280 2724 iu
298 2677 366 2725 binas
384 2681 463 2739 partes
490 2678 583 2725 divisus
610 2681 651 2724 est.
686 2676 716 2722 Iu
743 2675 861 2737 capitibus

63 2772 101 2819 HI
119 2777 142 2820 et
159 2773 182 2819 V
200 2787 286 2820 versus
304 2775 474 2820 inassoretious
500 2787 556 2820 oum
582 2787 631 2819 ona
657 2772 777 2819 eiusmodi
793 2774 862 2832 parte

64 2870 182 2930 congruit.
218 2868 265 2916 Sed
283 2870 364 2931 qualis
383 2872 419 2916 est
435 2870 476 2915 issa
494 2883 548 2930 pars
566 2870 580 2916 i.
601 2883 621 2915 e.
639 2882 725 2915 versus
746 2869 863 2913 iamenta-

62 2965 153 3011 tionis?
183 2965 220 3012 Ne
241 2966 303 3012 clare
322 2969 345 3011 et
363 2966 474 3012 distincte
500 2965 666 3026 quaestionem
691 2965 758 3010 iiiios
776 2977 861 3010 vorsus
